2836 4962
529 375 705 444 ntae
737 376 1038 442 naurraurs
1071 322 1117 446 [¹

657 619 659 626 ·
736 604 806 710 u.

400 855 402 862 <
464 841 481 845 ·’
546 868 549 873 ·
633 811 952 910 numerorius*

411 1033 618 1114 Marione,
634 1010 817 1122 puerique,
830 1029 1058 1122 virginesque,

410 1135 516 1204 Vobis
536 1135 657 1229 pagina
675 1149 790 1203 nostra
807 1133 989 1202 dedicatur.
1030 1123 1051 1130 ’ἵ

286 1227 289 1232 Δ
336 1235 346 1256 ⁷
408 1245 478 1327 Tu,
493 1266 591 1334 quern
611 1241 764 1335 nequitiae
781 1243 992 1334 procaciores
1063 1267 1065 1272 ·

407 1347 586 1417 Delectant
602 1343 761 1434 nimium,
777 1345 924 1440 salesque
943 1341 1040 1434 nudi,
1059 1427 1061 1432 Ι

411 1455 569 1522 Lascivos
589 1443 661 1548 lege
682 1468 827 1548 quatuor
848 1451 993 1536 libellos;

295 1553 329 1639 ,¹
411 1562 557 1648 Quintus
573 1586 650 1629 curn
666 1562 814 1630 Domino
829 1559 911 1644 liber
924 1561 1073 1654 jocetur,
1113 1587 1116 1594 ·

405 1669 521 1762 ¹Quem
541 1669 760 1736 Germanicus
783 1693 842 1736 ore
864 1693 932 1735 non
952 1666 1084 1760 rubenti

414 1778 538 1853 Coram
554 1775 724 1888 'Cecropia
743 1773 831 1869 legat
848 1771 967 1867 puella.

292 1985 303 2010 *
315 1985 506 2040 Verecundum
517 1986 554 2046 ait
563 1987 636 2038 hunc
644 1986 764 2039 libellum

251 2083 278 2121 et
299 2081 419 2131 oratum,
440 2085 538 2138 nempe
556 2066 653 2119 Caesari
670 2067 765 2120 inscri-

249 2161 345 2218 ptum,
360 2150 438 2219 cujus
448 2151 571 2218 majestas
580 2158 607 2198 et
616 2147 766 2199 reverentia
786 2168 792 2180 s

227 2231 229 2234 ’
252 2227 377 2282 excludat
389 2245 497 2280 omnem
507 2227 652 2289 verborum
661 2244 766 2278 rerum·

250 2327 303 2380 que
320 2307 473 2375 licentiam;
492 2304 567 2378 quod
590 2319 616 2358 et
631 2307 679 2358 tiu.
698 2307 766 2358 VIII

252 2387 332 2440 docet
361 2379 550 2458 epigrammate
568 2385 615 2449 Ad
641 2405 707 2436 suum
735 2387 766 2437 u-

254 2468 338 2530 brum,
354 2485 435 2538 quem
448 2465 484 2518 ita
501 2466 622 2518 affatur:
642 2491 654 2516 ,ι
673 2466 768 2519 Lauri·

252 2565 331 2618 geres
348 2545 458 2600 domini
475 2545 545 2613 liber
566 2546 698 2602 intrat-ure
720 2563 766 2621 pe-

251 2639 346 2692 nates,
369 2627 448 2678 Disce
473 2624 629 2679 verecundo
651 2625 767 2678 sanctius

253 2725 301 2760 ore
316 2705 400 2776 loqui.
415 2731 426 2752 ι
529 2705 534 2714 ’
726 2706 727 2711 ’

211 2779 213 2782 ’
292 2772 597 2848 -Aareuor‘una,
610 2753 790 2837 uanam(

298 2886 322 2920 1.
334 2867 475 2927 Mamaea,
492 2877 542 2917 etc.
557 2861 624 2916 vid.
640 2863 687 2915 lib.
707 2865 764 2924 11-1,

253 2946 337 3017 epigr.
350 2963 440 3008 cxvii,
454 2963 492 2996 rs.
510 2950 547 3006 4..

293 3027 321 3080 5.
336 3021 561 3094 Οιιαηιοπζὶὐεὶίωῤ
576 3019 765 3084 Praecedentes.

294 3109 322 3159 6.
341 3107 446 3174 Quintus
464 3123 517 3154 cum
536 3103 634 3154 domiuo
652 3103 711 3153 liber
724 3107 768 3172 joe

253 3197 324 3238 cotar-
338 3181 497 3237 Bevcrlandi
510 3183 566 3235 MS.

295 3285 322 3335 7.
335 3266 411 3336 Quem
422 3263 588 3320 Germanicas.
599 3260 767 3316 Domitianus

223 3347 224 3350 ’
254 3365 267 3398 a
278 3344 390 3398 devictis
400 3343 540 3396 Germanis
555 3342 707 3395 Germanici
717 3363 767 3395 no·
787 3359 789 3363 ·

165 3483 166 3488 ,
254 3444 316 3482 men
325 3424 578 3494 assumpsit,'quum
589 3423 622 3472 ab
631 3422 668 3474 eis
678 3435 766 3474 tamen

253 3503 335 3558 Ioed'as
346 3502 434 3556 clades
446 3503 596 3572 accepisset.
612 3501 690 3554 Hunc
703 3521 767 3554 vero

251 3587 352 3639 librum
361 3595 415 3634 tam
429 3579 612 3652 verecundum
626 3593 652 3632 et
666 3596 766 3634 castum

207 3697 209 3702 ·
253 3684 308 3717 esse
324 3663 390 3715 dicit
402 3663 498 3726 Poeta,
513 3675 544 3714 ut
555 3663 588 3714 ab
602 3663 767 3732 Imperatore

252 3745 305 3814 legi
328 3744 417 3814 possiti
431 3759 511 3794 corum
535 3741 650 3811 Cecropia
666 3743 763 3810 puella,

253 3825 306 3876 hoc
314 3823 367 3886 est,
376 3841 466 3876 coram
472 3821 594 3874 Minerva
603 3861 610 3885 ‚
620 3821 767 3890 quaeAthe·

252 3905 295 3954 nis
304 3902 456 3964 colebatur,
470 3919 551 3972 quarn
561 3913 588 3952 et
597 3919 701 3953 summo
712 3912 767 3952 stu·

242 3980 299 4038 ‚dio
311 3979 605 4035 colebat'Domi'tianus.
622 3977 765 4031 Suetonius

810 1987 839 2038 in
855 1985 1025 2052 Domitiano,
1041 2006 1099 2059 cap.
1118 1995 1143 2050 4.
1165 1988 1219 2040 Alii
1240 1989 1322 2043 inter·

809 2079 949 2137 pretentur
957 2067 1090 2138 virginem
1100 2067 1198 2122 Palladi
1209 2087 1324 2134 sacram,

810 2165 869 2216 quae
882 2147 937 2200 ritu
950 2147 1099 2204 Vestalium
1108 2147 1226 2211 viveret,
1238 2162 1324 2202 custo·
1411 2157 1412 2166 ¹

810 2219 872 2278 dem
885 2227 978 2279 aeterni
994 2227 1075 2297 ignis,
1086 2215 1246 2281 ianoliadis
1256 2241 1323 2282 tem-

810 2306 871 2376 plo,
889 2307 936 2358 ubi
957 2305 1106 2359 Palladium
1117 2307 1211 2383 fiisse
1229 2309 1323 2379 opinio

811 2399 859 2440 est.
882 2385 993 2450 Strabo,
1009 2386 1056 2438 lib.
1074 2387 1115 2440 IX
1127 2382 1142 2438 ἕ
1155 2411 1166 2434 α
1179 2389 1262 2452 Astu,
1282 2409 1323 2442 sa-

802 2484 873 2520 vxum
886 2478 925 2518 est
936 2468 965 2518 in
976 2465 1325 2536 planitiedomioiliisundi·

811 2563 863 2615 que
873 2543 1075 2598 circumdatum.
1088 2546 1121 2596 In
1138 2556 1324 2608 eo'saxotcm·

810 2625 885 2696 plum
902 2639 941 2680 est
954 2625 1097 2689 Minervae,
1110 2637 1136 2678 et
1153 2639 1255 2680 vetusta
1269 2628 1324 2680 Po·

810 2703 888 2757 liadis
904 2703 990 2766 aedes,
1006 2705 1032 2756 iu
1045 2723 1097 2775 qua
1108 2723 1212 2774 semper·
1224 2705 1321 2760 ardens

810 2785 918 2836 lucerna
932 2797 959 2836 et
972 2785 1106 2854 viegiuum
1118 2783 1322 2857 dornutsqutm

811 2865 913 2917 latinus
928 2863 1067 2928 condidit,
1084 2865 1113 2916 in
1133 2882 1185 2934 qua
1201 2865 1326 2920 Minerva

811 2945 926 2996 eburnea
939 2943 1041 2996 Phidiae
1051 2963 1120 3014 opus
1133 2957 1198 2996 est.»
1209 2945 1326 2998 Alexan·

811 3023 859 3076 (ler
871 3024 951 3082 etiam
967 3021 1088 3093 prodidit
1101 3023 1205 3076 Genial.
1217 3021 1325 3079 dierum
1394 3017 1396 3022 ¹

811 3104 858 3157 lih.
875 3105 911 3166 V,
927 3121 983 3172 cap.
1005 3122 1038 3155 ra
1057 3121 1064 3154 ι
1083 3105 1182 3174 «cujus
1196 3094 1325 3174 (Veptae)
1411 3157 1412 3178 ἶ

710 3196 725 3242 ,·
811 3183 894 3236 instar
915 3183 997 3246 sacri,
1016 3183 1045 3234 in
1066 3182 1184 3236 Poliadis
1204 3187 1325 3255 templo,
1411 3229 1412 3244 ,

811 3264 895 3315 multa
912 3263 1039 3334 religione
1057 3263 1177 3334 inclyte,
1191 3263 1221 3317 in
1235 3265 1326 3336 Attica

812 3343 892 3396 luisse
905 3343 1029 3412 legimus,
1043 3343 1070 3394 in
1087 3362 1142 3413 quo
1156 3342 1273 3414 virgines
1285 3364 1327 3398 as·
1354 3369 1358 3376 ·
1411 3377 1412 3400 i

811 3421 887 3474 sidue
898 3421 1010 3493 degere,
1024 3423 1153 3494 lychnum
1168 3423 1335 3478 inexstineti·
1411 3411 1412 3432 ¹

811 3503 937 3566 luminis,
958 3504 1103 3554 multorum
1120 3503 1213 3572 opinio
1234 3503 1296 3556 suit.
1310 3530 1321 3550 n
1404 3505 1412 3518 '¹

811 3580 1326 3654 Radar.EtPlailomelamRaderus,pu-
1411 3565 1412 3636 l

812 3674 850 3714 tat
863 3680 940 3732 posse
955 3661 1079 3732 intelligi,
1094 3681 1153 3732 quae
1168 3663 1204 3716 ob
1217 3663 1326 3735 pudici·
1411 3691 1412 3708 ι

811 3742 874 3793 tiam
886 3754 1039 3793 temeratam
1048 3780 1056 3805 ,
1064 3741 1153 3792 filium
1164 3743 1234 3812 patri
1247 3741 1327 3794 dedit
1411 3795 1412 3800 ,

812 3820 999 3892 epulandum:
1025 3821 1067 3882 vel
1095 3821 1175 3874 etiam
1201 3823 1326 3893 quamvis

811 3901 924 3954 Atticam
934 3900 1164 3966 mulierem‚inter
1174 3920 1239 3972 quas
1249 3903 1327 3954 casti·

811 3981 871 4043 tatis
886 3977 953 4032 faura
969 3981 1089 4034 valebat*
1411 3985 1412 3996 ¹
