2836 4962
266 446 307 490 12
545 419 717 488 ιιινιι.
748 417 1049 490 ιιιιιιιιιιε
1084 373 1087 377 ’

313 555 434 650 Parce,
455 564 550 644 pater
566 575 574 618 :
593 552 639 620 sic
659 555 845 623 Lemniacis
864 552 986 623 lasciva
1007 553 1132 621 catenis

365 661 524 750 Ignoscat
541 657 683 749 conjux,
704 665 738 726 'ct
760 661 923 754 patienter
943 661 1042 726 amet.

315 843 416 926 lluflt·
372 859 680 990 bllapvvuxpic
646 887 728 928 ουτω
749 853 946 956 δεσμοῖσιν”
924 887 1041 937 ακοιτις

367 951 487 1050 beau,
507 965 558 1033 καὶ
577 969 663 1058 ἐρῶσ’
682 967 724 1041 εἴη
747 951 941 1045 ἀνεξικάκως.

305 1195 333 1245 7,
348 1175 442 1236 Parce,
459 1186 550 1245 pater.
561 1176 712 1230 Vulcanum
729 1195 776 1254 pa·
820 1165 898 1247 ju'riae
918 1197 933 1231 a
954 1190 980 1232 te
1006 1187 1119 1248 aceeptae
1141 1175 1335 1258 obliviscatur,

265 1269 334 1309 trem
353 1254 468 1325 appellat
490 1273 522 1306 eo
545 1274 638 1320 sensu,
657 1274 711 1328 quo
732 1255 775 1308 dei
821 1270 900 1328 teque
916 1257 1038 1332 quamvis
1057 1254 1183 1316 claudum
1195 1269 1227 1320 et
1244 1254 1336 1340 defor-

265 1351 359 1388 omnes
371 1346 460 1404 patres
473 1334 613 1387 hominum
625 1347 777 1402 vocantur;
822 1356 893 1391 mem
907 1337 1039 1413 patienter
1053 1349 1130 1390 amet.

264 1413 363 1468 etenim
376 1413 513 1466 Vulcanus
522 1433 577 1467 ιιοιι
591 1428 630 1468 est
643 1418 776 1469 Romano·
822 1421 890 1471 '.8
908 1414 1219 1488 liutgersiuslegeudum
1233 1428 1338 1480 censet,

264 1513 324 1546 rum
338 1506 430 1565 pater,
446 1493 493 1546 sed
508 1495 588 1547 Mars.
602 1495 695 1550 -Stc
708 1498 778 1548 laem-
821 1509 844 1547 et
855 1500 974 1567 sapienter
984 1508 1064 1559 amet
1077 1509 1108 1549 ut
1118 1508 1216 1549 notum
1225 1493 1276 1547 td
1281 1496 1338 1547 De·

222 1587 225 1594 ⁴
264 1574 354 1627 niacis.
371 1575 404 1625 In
415 1575 519 1626 Lemno
534 1573 620 1628 insula
636 1575 710 1645 AEgei
723 1594 777 1627 rna·
821 1575 919 1646 prendi
929 1588 991 1630 veto
1001 1589 1042 1642 te
1053 1576 1165 1640 Lesbia,
1179 1594 1251 1628 ιιοιι
1264 1586 1336 1660 ,etc.

265 1655 318 1718 ris,
329 1651 410 1706 hodie
425 1652 651 1718 diensium,
672 1667 776 1708 catenae
821 1657 974 1710 Gronovius
993 1657 1106 1727 exponit
1118 1658 1239 1726 patienter
1250 1667 1340 1717 umet

264 1734 403 1786 fabricavit
419 1735 573 1800 Vulcanus,
588 1735 686 1810 quibus
703 1735 776 1787 Mar·
820 1735 956 1790 moderate
974 1733 1340 1801 amet,etuelaboret1m-

265 1826 319 1866 tem
340 1833 402 1866 cum
418 1815 546 1866 Venere'
539 1834 567 1866 m
583 1813 714 1868 adulterio
731 1814 777 1868 de·
821 1817 949 1886 patientia
971 1819 1033 1886 erga
1051 1775 1182 1881 laertem,
1205 1832 1251 1867 seu
1270 1812 1339 1866 alios

264 1893 425 1964 prehensum
448 1893 567 1964 illigavit.
596 1894 660 1946 Haec
688 1895 777 1948 fabula
823 1887 1124 1950 amatores.‘1³atmanni
1139 1893 1223 1948 codex
1230 1913 1238 1960 ;
1253 1904 1277 1946 et
1288 1913 1339 1962 pa-

266 1972 326 2034 satis
345 1985 418 2034 nota,
433 1973 530 2031 Sensus
546 1986 605 2032 est:
621 1977 716 2029 Venus
735 1975 777 2030 inv
823 1971 907 2037 tienter
925 1995 996 2028 umes.
1069 2041 1071 2046 Δ

729 2180 879 2270 VIII,

655 2377 705 2460 or
733 2375 946 2463 euasi-nef
995 2438 998 2445 ·

419 2596 591 2674 Ἐυιοτιιιιι
614 2603 770 2689 Domini,
789 2603 919 2696 Deique
938 2607 1062 2690 nostri,

407 2719 410 2726 '
424 2711 503 2798 Quo
526 2707 679 2794 subsellia
700 2711 850 2778 certiora
864 2709 971 2796 fiunt,

412 2819 471 2884 ¹Et
490 2817 592 2910 puros
614 2839 714 2909 eques
736 2815 867 2884 ordines
890 2817 1035 2910 recepit,

425 2925 518 2999 Dum
535 2920 647 2992 laudat
663 2922 764 2997 inodo
779 2922 893 2992 Phasis
912 2924 947 2990 in
963 2923 1094 2990 theatro
1105 2976 1118 3008 ‚¹

304 3128 316 3152 '
329 3131 471 3188 Phasidem
480 3133 624 3197 libertum,
640 3145 671 3185 ut
683 3133 775 3186 fletum
821 3131 963 3186 Suetonius
977 3133 1006 3184 in
1020 3131 1194 3195 Domitiano,
1209 3150 1266 3200 cap.
1281 3134 1317 3192 ,13
1331 3152 1339 3187 :

266 3215 398 3286 equitem,
412 3211 507 3266 irridet
520 3213 649 3266 Martialis
658 3204 777 3284 hoc'epi·
824 3240 835 3260 ι
850 3213 981 3265 Dominus
999 3225 1026 3266 et
1036 3211 1102 3265 deus
1116 3225 1208 3265 noster
1224 3211 1261 3263 sic
1277 3212 1340 3265 lieri

264 3291 425 3366 grammale3
446 3293 468 3346 is
487 3293 560 3346 euim
580 3311 668 3364 quum
688 3292 776 3364 legiti·
796 3334 797 3343 ,
819 3295 904 3363 jubet.
916 3319 927 3340 ι
943 3293 1111 3346 Domitianus
1120 3310 1184 3362 ergo
1196 3293 1340 3345 renovavit

265 3395 339 3427 mum
353 3373 449 3444 equitis
462 3391 571 3426 censum
585 3392 640 3425 non
653 3373 776 3438 haberet,
820 3374 906 3444 legem
919 3373 1056 3439 Rosciam,
1072 3391 1126 3442 qua
1141 3371 1210 3424 nulli
1224 3371 1252 3424 in
1268 3390 1340 3440 qua·

265 3455 378 3509 lacernis
401 3453 544 3524 purpureis
565 3453 671 3506 volebat
690 3451 777 3506 videri
821 3447 1340 3524 tuordecimequiturnsubselliissedere
1369 3455 1371 3460 '

213 3579 214 3584 ,
266 3553 364 3608 eques,
382 3547 409 3586 et
430 3532 605 3605 jactabundus
623 3533 652 3584 iu
671 3533 776 3585 theatro
820 3534 924 3600 liceret,
936 3533 988 3588 uisi
997 3533 1037 3586 illi
1046 3531 1093 3602 qui
1104 3531 1214 3586 baberet
1226 3549 1340 3584 censum

266 3614 445 3669 laudatura
402 3615 487 3684 legem
495 3613 648 3666 Othonis
617 3629 711 3684 ,quam
725 3615 778 3665 Do·
822 3627 984 3685 equestrem,
999 3611 1175 3683 quadraginta
1186 3628 1283 3680 nempe
1297 3630 1342 3663 se·

266 3696 392 3749 mitianus
408 3694 575 3760 restituerat;
592 3691 638 3746 sed
653 3693 776 3756 Lectius,
821 3693 944 3746 stertium
963 3693 1055 3744 millia.
1073 3693 1105 3745 L.
1127 3690 1243 3744 Roscius
1264 3689 1416 3781 Otho,

261 3795 309 3830 ,eur
299 3773 425 3828 'ordinis
437 3775 572 3827 theatralis
585 3786 649 3826 cura¹
663 3785 718 3826 erat
732 3763 780 3826 tle·¹
822 3786 896 3825 antea
911 3773 981 3825 hanc
995 3773 1081 3844 legem
1092 3773 1204 3835 tulerat,
1219 3788 1290 3822 unno
1302 3770 1365 3825 U.

260 3845 430 3920 *mandatas
420 3854 498 3926 jussit
511 3873 572 3906 eum
588 3871 705 3924 surgere.
822 3854 852 3906 C.
865 3852 935 3910 685,
948 3850 1013 3904 dum
1024 3865 1092 3906 esset
1104 3851 1229 3905 tribunus
1242 3848 1340 3920 plebis.
1383 3897 1385 3902 .

303 3969 344 3979 -
359 3936 486 3986 Deedicte
503 3935 608 3988 Caesarie
621 3933 775 4017 inscribitur
862 3933 888 3985 3.
902 3934 1018 4003 Etpuros
1032 3953 1109 4004 eques.
1123 3917 1340 4000 Seorsiiuuple-

263 4015 292 4068 in
306 4015 398 4069 codice
413 4015 564 4068 Pulmauni
647 4040 649 4045 ·
820 4015 854 4066 be
868 4011 946 4066 ludos
961 4014 1114 4085 spectabant
1129 4010 1239 4081 equites.

308 4097 470 4153 LEdictum
496 4097 593 4148 domini.
618 4093 774 4148 Domitiani.
862 4102 888 4157 4.
914 4094 1009 4147 Pluris.
1030 4091 1170 4155 Libertus,
1192 4088 1240 4159 qui
1260 4100 1342 4145 veste·
1403 4088 1406 4092 ¹
