2836 4962
251 421 299 490 28
498 425 706 516 ,mvln
736 429 1033 502 Msnrlxnrs

354 557 399 623 Et
420 569 520 626 acuta
541 559 675 630 senibus
696 575 780 633 testa
802 587 879 632 cum
899 555 1121 652 damascenis,

354 663 477 732 Praetcr
498 661 627 736 libellos
648 667 803 740 vernulas
823 667 905 738 nihil
927 671 1021 757 misi;

355 769 507 841 Fortasse
522 793 643 842 avarus
660 775 789 864 videar,
804 790 863 864 aut
884 775 1095 845 inhumanus.
1310 803 1322 842 s

354 873 422 943 Odi
439 875 571 948 dolosas
590 903 768 951 munerum
785 896 818 952 et
834 881 937 951 malas
955 895 1052 952 artes.

354 981 533 1053 Imitantur
549 985 667 1058 hamos
685 987 772 1058 dona
788 1015 796 1057 :
815 1012 959 1083 namque
976 987 1050 1084 quis
1068 989 1192 1076 nescit,

354 1086 499 1158 Avidum
517 1107 634 1162 vorata
649 1092 758 1190 decipi
775 1114 908 1164 scarum
928 1091 1068 1165 musca?

355 1193 496 1282 Quoties
514 1193 622 1268 amico
638 1199 733 1270 diviti
750 1199 833 1270 nihil
849 1200 969 1288 donat,

354 1301 387 1368 Ο
407 1301 610 1394 Quintium,
630 1304 774 1377 liberalis
793 1316 853 1378 est‘
862 1331 1000 1403 pauper.

182 1512 186 1518 ·
292 1482 318 1538 3.
334 1482 373 1536 Et
386 1496 467 1540 acuta.
486 1487 541 1540 Vas
558 1500 700 1543 testaceum
718 1489 761 1542 in·
805 1490 935 1561 probante
950 1489 1090 1544 Farnrhin.
1104 1519 1144 1532 -
1161 1489 1320 1544 rutarum.
1410 1479 1411 1490 ¹

249 1560 468 1635 tellige,plenum
476 1568 571 1637 prunis
582 1569 760 1638 Damascenis,
805 1569 839 1624 Id
852 1582 909 1635 est,
929 1569 1082 1624 humaniori
1103 1568 1164 1624 vito
1182 1572 1321 1630 consortio

244 1639 364 1710 'quorum
379 1645 542 1699 mentionem
561 1648 624 1702 lacit
643 1649 759 1719 Plinius,
805 1651 920 1714 alienus,
934 1647 1011 1704 rudis
1025 1661 1053 1702 et
1066 1647 1217 1721 impolitus.
1230 1650 1284 1704 En.

249 1719 297 1773 lib.
314 1721 398 1790 XIII,
415 1743 474 1796 cap.
494 1725 521 1780 5.
539 1729 702 1790 Damascus,
719 1727 761 1782 vel
847 1732 874 1783 6.
889 1729 943 1784 Odi
956 1730 1051 1781 dolosas
1064 1748 1184 1782 munerum
1186 1767 1232 1784 .....
1244 1741 1320 1784 artes.

251 1801 428 1872 Damascum,
442 1805 540 1860 nobilis
554 1807 636 1878 syrie
648 1809 759 1862 civitas:
805 1809 936 1864 Astutiam
945 1810 1053 1862 illorum
1060 1808 1107 1880 qui
1116 1807 1243 1862 divitibus
1252 1829 1320 1880 pau·

250 1879 313 1945 alii,
335 1881 442 1948 Scitam
464 1883 525 1954 alii,
545 1887 645 1940 Stoma
666 1890 761 1942 Turcis
804 1889 865 1942 cula
873 1889 1038 1951 mittunt,ut
1048 1888 1164 1943 vicissim
1173 1889 1321 1959 majoribus

250 1961 341 2015 vocari
357 1963 497 2019 affirmant.
519 1965 590 2020 Vide
607 1967 654 2020 lib.
674 1969 761 2034 XIII,
806 1969 961 2022 muneribus
974 1967 1118 2022 donentur.
1133 1969 1185 2020 En.

251 2040 335 2111 epigr.
349 2061 424 2097 xxxx.
443 2075 482 2085 —
500 2046 580 2100 Testa.
594 2049 664 2101 Vase
683 2060 762 2101 testa·
848 2051 875 2102 8.
887 2047 1014 2101 Brodeeus
1034 2045 1177 2118 legendum
1203 2059 1319 2102 censete

252 2133 301 2172 ceo
321 2134 399 2176 mette
410 2163 419 2190 ,
442 2141 491 2176 eeu
512 2126 625 2179 turbinis
648 2128 762 2181 formam
807 2128 914 2181 Avidum
925 2140 1014 2180 corato
1027 2128 1107 2198 decipi
1117 2146 1211 2178 scarum
1225 2147 1321 2181 musco:

251 2198 378 2264 habente,
394 2230 405 2251 ι
417 2205 560 2276 Nunquam
576 2207 684 2260 turbine
698 2225 763 2260 cou-
807 2205 902 2272 idest,
924 2205 1001 2278 alga:
1020 2225 1083 2260 num
1099 2207 1258 2272 Athenaeus,
1271 2207 1319 2260 lib.

252 2276 324 2333 ditus
345 2283 434 2336 ruenti
449 2283 601 2338 Prunorum
621 2287 733 2358 globus3
748 2313 759 2335 a
808 2287 964 2359 ἮΙῑχαίρει
973 2282 1002 2340 dl
1014 2294 1063 2340 τῶν
1077 2287 1165 2357 φυκίων
1177 2293 1269 2357 τροφῇ·
1279 2283 1320 2342 eu

252 2357 498 2430 Papim-Senibus
507 2364 661 2418 damascenis.
668 2366 764 2420 Prunis
807 2366 850 2420 καὶ
861 2369 958 2430 τούτοις,
969 2367 1107 2438 θηρεύεται·
1118 2364 1244 2420 «Gaudet
1254 2367 1321 2438 algis

251 2439 371 2511 rugosis,
381 2443 518 2496 exsiccatis
530 2445 626 2512 furno,
640 2447 710 2512 sole,
721 2447 763 2499 fu·
808 2447 894 2510 vesci,
906 2465 988 2518 quare
1000 2447 1052 2499 illis
1064 2444 1176 2516 capitur.
1188 2472 1199 2492 ι
1210 2477 1250 2490 -
1258 2445 1320 2500 Sea·
1411 2513 1412 2518 ¹

252 2537 298 2572 mo
312 2515 363 2584 (ut
376 2523 423 2576 lib.
436 2525 516 2589 XIII,
534 2525 618 2598 epigr.
636 2523 732 2592 xxrx),
748 2545 763 2581 a
808 2545 868 2580 rum.
880 2527 991 2580 Piscem.
1003 2524 1068 2580 Vid.
1081 2523 1114 2578 ad
1121 2525 1168 2578 lib.
1177 2527 1227 2591 IV,
1234 2527 1319 2598 epigr.

160 2625 165 2635 r
252 2601 380 2655 Damasco
392 2601 474 2675 Syriae
489 2605 565 2658 urbe.
807 2625 866 2672 uxr,
880 2605 946 2659 huic
956 2605 1050 2660 simile.
1201 2632 1202 2635 ¹

294 2688 320 2745 4.
337 2681 470 2748 Vernulas,
484 2696 535 2739 etc.
550 2686 629 2738 Domi
640 2705 704 2739 meae
715 2705 762 2738 na·
850 2704 894 2739 10.
905 2685 1024 2738 Liberalis
1033 2697 1173 2758 estpaupcr.
1184 2684 1320 2740 Donando

252 2772 309 2827 tos,
322 2761 362 2814 vel
377 2781 514 2834 procaces,
527 2762 645 2830 dicaces,
657 2767 762 2837 jocosos
806 2765 879 2818 enim
900 2762 960 2838 plus
981 2778 1071 2837 petere
1093 2763 1219 2829 videtur,
1238 2784 1321 2836 qrram

252 2859 326 2912 aeque
337 2860 367 2894 ac
380 2841 561 2898 vernas.'Vid.
576 2844 623 2898 lib.
636 2845 663 2910 Ι,
677 2846 761 2916 epigr.
806 2841 910 2898 donum
925 2845 1028 2911 valeat;
1045 2841 1118 2898 unde
1136 2843 1246 2898 avaritia
1264 2858 1320 2910 est,

251 2939 325 2990 xnrr,
338 2941 376 2975 rs.
393 2943 418 2976 a.
805 2924 906 2978 nedum
927 2924 1079 2979 liberalitas.
1101 2921 1172 2977 Vide
1196 2925 1321 2979 booetii

293 2999 319 3054 5.
330 3001 406 3054 Forte
414 3023 500 3056 avarus
510 3003 597 3056 videm
604 3004 696 3074 legunt
704 3003 760 3066 alii,
807 3005 964 3060 Orationem
977 3003 1011 3058 ad
1026 3003 1172 3059 Nicoclem.

612 3286 614 3290 ,
714 3191 853 3279 ΧΙΧ.

473 3397 527 3444 an
555 3397 752 3446 cnsxunnr
780 3365 1094 3470 coniminum*

304 3564 342 3632 Si
361 3584 426 3654 qua
444 3559 526 3630 fides
543 3560 635 3646 veri,
653 3557 818 3655 praeferri,
836 3561 979 3630 maxime
996 3562 1121 3647 Caesar,

355 3667 574 3760 Temporibus
596 3681 736 3762 possunt
757 3665 875 3736 saccula
895 3665 986 3737 nulla
1008 3667 1082 3736 tuis.

290 3832 760 3908 *Kctueudrest:mulgetlaudando
848 3855 872 3889 r.
893 3836 922 3890 Si
942 3857 989 3910 qua
1001 3837 1067 3908 fider
1083 3839 1148 3889 ueris
1161 3838 1321 3894 Beverlandi

251 3919 362 3976 Ceteris
370 3917 552 3989 marsupium
570 3931 597 3972 et
607 3916 762 3989 quiritando
805 3916 863 3970 MS.
876 3947 916 3962 -
929 3917 958 3970 St
969 3917 1088 3989 qrafides
1100 3921 1161 3970 ceri.
1176 3919 1281 3982 Immo,
1297 3921 1320 3972 si

251 3997 355 4051 occulte
374 3998 456 4069 petit,
475 4009 505 4051 ut
519 3995 595 4068 quod
613 3998 691 4050 amici
705 4016 760 4052 non
806 4015 860 4068 qua
874 3995 942 4050 fides
962 3995 1122 4052 adulationls
1138 4010 1165 4050 et
1185 3998 1319 4054 mendacii

251 4089 389 4150 praestant,
405 4089 512 4148 praestet
526 4077 583 4148 ipse
595 4078 692 4134 Gmr.
808 4076 964 4148 turpissimi.
1024 4131 1030 4146 ¹
