2836 4962
295 439 748 508 EPIGRAMMATUM
776 439 874 508 LIB.
903 439 945 506 V.
1139 457 1161 526 7

194 575 332 662 Quoties
349 575 482 657 venire,
497 571 618 661 Paule,
632 573 755 642 videris
770 585 905 654 contra3
931 613 933 622 ι
1149 601 1160 640 s

194 683 295 750 Dicas
312 680 447 750 licebit:
468 679 613 776 Myrtale
628 680 713 748 bibit
726 677 869 748 laurum.
983 720 986 726 -
1125 686 1131 694 '

131 891 156 940 6.
171 887 240 940 nun
260 888 364 940 laurum.
385 889 437 940 Vel
457 903 513 940 non
529 886 598 940 bibit
642 888 686 940 vel
699 905 755 940 non
769 895 810 938 est
826 884 948 948 ebriose,
964 881 1011 936 sed
1028 881 1084 936 vult
1102 882 1165 934 fiori

97 967 193 1030 vinum,
211 966 259 1022 sed
280 984 382 1020 merem
397 968 503 1021 laurum
520 966 597 1020 edit:
643 978 715 1019 vates
732 977 758 1020 et
774 966 880 1019 laurum
897 962 961 1016 edit.

599 1179 650 1264 V.

480 1414 533 1460 tn
561 1379 759 1458 serrum*

140 1605 269 1690 Serre,
283 1599 439 1670 Palatiuae
458 1599 567 1668 cultor
585 1598 726 1668 facunde
743 1601 923 1686 Minervae,

187 1709 333 1803 ingenio
351 1707 470 1776 frueris
491 1709 548 1802 qui
567 1707 724 1801 propiore
744 1707 827 1793 Dei;

138 1815 223 1884 Nam
245 1815 308 1884 tibi
329 1827 502 1892 nascentes
524 1813 663 1882 Domini
683 1837 885 1906 cognoscere
907 1837 1021 1899 eurus,

188 1925 233 1992 Et
252 1936 380 1991 secreta
397 1920 490 2020 ducis
509 1935 646 2014 pectore
664 1943 761 1988 nosse
778 1919 872 2004 licet;
1071 1905 1073 1910 ¹

138 2029 184 2098 Sit
205 2028 303 2098 locus
326 2042 360 2097 et
378 2030 499 2096 nostris
519 2025 628 2121 aliqua
647 2027 707 2096 tibi
729 2041 823 2121 purte
839 2023 975 2114 libellis,
1040 2033 1046 2046 “
1148 2053 1159 2089 5

186 2137 268 2225 Qua
288 2136 397 2221 Pedo,
418 2159 484 2230 qua
505 2136 659 2220 Mersus,
675 2158 806 2228 quaque
830 2131 980 2202 Catullus
999 2135 1070 2200 erit.

123 2333 341 2414 *Epigrammata
353 2341 435 2393 mittit
446 2341 542 2404 Sexto,
553 2333 600 2411 qui
643 2339 743 2411 riisque'
755 2359 787 2392 ex
798 2339 894 2394 ordine
907 2341 978 2394 curis
993 2341 1094 2392 Auctus
1108 2341 1157 2392 ho-

90 2421 235 2477 Domitiano
243 2439 261 2474 a
271 2421 378 2474 secretis
387 2433 458 2485 eret,
470 2432 497 2472 et
505 2420 600 2473 biblio·
643 2434 702 2485 nos,
713 2437 871 2490 semperque
881 2420 968 2492 gradu
974 2439 1060 2492 prope
1072 2419 1160 2472 numi·

89 2499 163 2554 thece
188 2501 320 2556 Palatinus
347 2519 438 2553 eurem
467 2501 599 2562 habebat,
642 2517 678 2552 ne
686 2517 792 2570 semper
801 2500 950 2556 Cessareum
958 2501 1165 2564 coluisselotus„

89 2585 215 2654 queponi
225 2581 386 2652 eupitintsr
396 2580 461 2634 alios
471 2581 599 2652 epigram·
642 2580 777 2651 sacrisque
792 2578 907 2636 deorum
924 2581 1036 2640 Aroenis
1056 2580 1158 2634 herere

90 2663 215 2716 materies.
229 2662 326 2715 Rader.
643 2657 744 2713 datum.
760 2686 770 2706 ι
790 2661 843 2714 En.

121 2745 198 2796 —In
208 2743 267 2795 boc
276 2739 599 2812 epigrmumateexhiben·
686 2739 711 2792 5.
728 2739 769 2792 Sit
783 2740 864 2804 locro,
880 2753 930 2794 etc.
947 2741 1065 2810 Dignare
1077 2741 1157 2804 loco,

89 2817 120 2871 tlo
138 2822 207 2876 nibil
224 2822 334 2878 varient
348 2819 411 2874 libri
426 2821 534 2890 scripti,
552 2833 598 2872 aut
641 2837 743 2889 repone
758 2813 841 2874 libros
862 2837 935 2874 meos
952 2823 980 2872 in
996 2819 1158 2885 bibliotheca

88 2900 207 2971 impressi.
623 2923 626 2930 ·
642 2901 750 2964 tuetrel
760 2894 953 2972 Imperatoris,
967 2903 1037 2952 inter
1050 2913 1160 2954 caeteros

124 2998 146 3034 1.
168 2984 298 3034 Palatino
323 2981 409 3032 cultor.
431 2981 482 3034 Hic
502 2981 598 3034 Sextus
641 2981 911 3052 epigremruautribs,¹
930 2980 1087 3045 Catullum,
1106 2981 1156 3032 Pe-

88 3073 136 3112 erst
155 3063 316 3115 Domitiano
336 3077 446 3114 eseerae
462 3059 597 3131 religionis
641 3059 759 3125 donem,
772 3061 902 3114 Marsum.
918 3083 929 3116 i

87 3141 174 3208 cuttu,
184 3155 212 3196 et
231 3161 249 3196 e
264 3139 362 3196 studiis
380 3140 498 3211 ingenii,
518 3153 596 3212 atque
682 3144 708 3193 6.
719 3141 775 3208 Qua
781 3142 858 3194 Pedo.
866 3142 907 3193 De
917 3159 972 3212 quo
983 3159 1045 3194 mox
1054 3139 1158 3192 dictum

87 3221 225 3279 toonsiliis
236 3221 435 3276 seorstioribus.
639 3221 687 3272 lib.
697 3221 848 3292 Xl,epigr.
857 3219 1156 3275 nxxvrr.llestatadhuc

122 3321 146 3354 s.
161 3304 269 3373 Ingenio
277 3303 392 3369 fueris„
406 3311 458 3354 ote.
477 3301 597 3354 Verssris
640 3319 672 3352 ex
693 3317 725 3353 eo
740 3301 824 3371 elegia
842 3300 875 3353 nd
896 3301 1002 3356 Liviam
1016 3299 1051 3353 de
1070 3314 1158 3352 morte
1202 3327 1203 3332 =

87 3381 225 3436 enimcum
238 3383 303 3453 ipso
318 3380 487 3446 Domitiano,
499 3393 526 3434 et
538 3383 597 3451 ejus
641 3382 723 3434 Drusi
748 3382 872 3436 Neronis.
893 3385 939 3435 De
961 3381 1051 3434 Marso
1076 3382 1156 3432 etium

86 3461 202 3527 consiliu,
216 3459 357 3528 rationes,
370 3461 493 3533 negotis,
508 3475 597 3515 cousus
641 3459 743 3514 dietum
755 3461 809 3514 lib.
822 3463 870 3528 11,
886 3463 1041 3534 epigramm.
1056 3479 1117 3512 ιω
1129 3471 1158 3512 et

86 3543 216 3608 pernoscis
245 3553 275 3596 et
304 3541 388 3594 literis
416 3539 535 3595 mundes.
555 3571 602 3598 --,
641 3557 756 3606 sumt,
778 3544 854 3612 cujus
874 3543 1064 3614 epigrammate
1083 3538 1157 3610 apurl

86 3620 158 3674 &sm
183 3622 297 3678 vocavit
325 3623 380 3694 jam
412 3621 597 3674 Domitianum
641 3621 767 3691 antiquos
782 3622 893 3674 summis
906 3621 1030 3674 laudibus
1046 3624 1157 3674 fuerunt
1253 3677 1255 3680 ,
1299 3623 1304 3638 ’
1374 3625 1377 3634 ’

87 3717 178 3771 supra,
202 3703 366 3774 epigramm.
385 3717 429 3754 ur.
461 3703 529 3754 Item
548 3701 595 3754 lib.
640 3701 789 3765 celebrata,
806 3709 872 3754 teste
893 3701 1013 3774 Gyrnldo
1025 3742 1031 3769 ,
1043 3701 1154 3770 Dialogo

86 3778 148 3842 Vll,
168 3785 330 3854 epigramm.
351 3799 431 3834 xxm
446 3797 453 3832 ε
474 3807 486 3828 «
502 3781 596 3834 Pecto·
641 3782 680 3846 X,
694 3773 730 3832 de
740 3781 808 3834 trist.
820 3793 892 3851 poet.
904 3781 1025 3836 Catullus
1035 3795 1100 3834 vero
1113 3797 1153 3832 so-

86 3876 110 3910 re
131 3880 184 3916 non
210 3861 313 3915 humili
339 3877 430 3932 pessus
449 3873 596 3934 utrumque
641 3862 674 3913 tis
692 3873 730 3912 est
747 3874 837 3914 notus.
854 3861 987 3916 -Oviu
1002 3861 1036 3914 de
1050 3863 1154 3927 Ponto,

86 3935 165 3994 deum.
180 3967 191 3992 a
206 3939 295 4007 Quod
304 3942 439 4012 explicant
448 3941 527 3994 statii
537 3959 595 3994 ver·
640 3942 691 4006 IV,
698 3961 757 4003 rvr,
772 3942 919 4008 5:uQuum
928 3944 997 3994 foret
1004 3955 1030 3997 et
1036 3941 1153 4006 Mersus,

86 4035 137 4085 tus,
163 4021 230 4076 sttv.
258 4021 309 4074 lib.
334 4023 396 4084 111,
419 4021 448 4072 in
471 4022 594 4093 lucrymis
639 4022 782 4092 magnique
790 4023 915 4074 Rabirius
925 4023 991 4087 oris,
1004 4022 1154 4092 Iliacusque

86 4096 199 4155 Etrusci:
217 4129 228 4150 ι
243 4103 318 4155 Laeta
330 4100 429 4164 dehine
441 4102 593 4168 series,=va·
640 4103 740 4167 Macer,
758 4101 928 4174 sidereusque
942 4102 1022 4157 Pedo.
1037 4131 1047 4151 »ι
1066 4105 1118 4158 En.

889 4201 992 4279 .1.s
