2836 4962
272 389 719 462 EPIGRAMMATUM
746 395 843 462 LlB.
872 397 914 463 V.
1086 397 1138 470 αὖ

92 519 164 608 Quid
178 535 284 588 tamen
297 521 371 590 haec
390 538 546 616 prosunt,
560 525 713 620 quamvis
728 527 920 598 venerantia
935 527 1079 600 multos?
1114 563 1128 602 s

131 627 197 697 Non
212 628 365 721 prosint:
381 652 460 700 sane
475 653 530 700 me
548 644 661 700 tamen
678 632 739 702 ista
754 633 884 726 juvant.

123 808 144 861 5.
159 811 183 862 6.
202 809 270 878 (lenti
285 821 363 860 tamea
381 811 433 863 loec
447 819 576 882 prosunt?
619 811 690 867 roid.
702 813 780 886 epist.
790 813 875 882 XXI,
892 815 965 883 2133
981 819 1135 876 Noto-inl.

88 891 175 958 quanvis
187 892 326 942 maerentia
345 891 426 943 moltis
443 891 501 944 Non
516 911 576 963 pro·
620 892 668 947 lilt.
682 895 739 960 VI,
756 895 841 966 epigr.
856 913 946 952 xxxtr.
959 931 1001 942 —
1013 899 1084 970 Quid
1096 913 1135 954 ta·

88 980 222 1031 scansam,
240 981 293 1023 etc.
307 970 338 1022 in
353 968 413 1024 cod.
428 969 505 1025 Bodl.
518 971 577 1026 Noa
621 991 674 1026 men
691 974 751 1027 luae.
769 975 870 1029 Versus
885 975 940 1030 mei
953 979 1059 1032 nullum
1073 980 1135 1052 qoi-

84 1060 242 1115 pmumtsaae,
258 1069 311 1110 me,
324 1049 575 1104 etc.inAld.Jont.
620 1050 683 1106 dem
704 1053 772 1108 milti
788 1054 908 1110 fructum
930 1057 1065 1126 afferunt,
1084 1079 1135 1116 nee

88 1127 158 1178 Calin
176 1140 201 1181 et
221 1129 259 1182 sio
276 1127 405 1200 distingui
419 1130 493 1193 malit
512 1133 576 1184 Ant.
622 1151 742 1203 unqrtam
755 1135 916 1204 amulorum,
927 1135 974 1191 sed
988 1149 1076 1192 tamen
1088 1157 1133 1194 me

86 1205 260 1278 dedmyuane
273 1209 407 1279 eleganter
419 1208 578 1264 concedenti
621 1210 764 1267 delectant.
786 1213 846 1268 lloc
867 1214 940 1269 idem
960 1218 1135 1292 repetit-epi·

86 1285 182 1341 inservit
197 1285 267 1342 Vide
280 1289 372 1342 Burm.
386 1287 421 1342 ad
432 1287 512 1343 Ovid.
527 1289 579 1345 lle·
621 1305 769 1363 grammate
783 1296 913 1366 sequenti.

550 1496 682 1584 XVI.

433 1730 485 1776 tn
510 1700 764 1777 sucronem*

122 1920 223 1988 Suam
242 1943 349 2014 quum
368 1881 511 2012 possim,
525 1917 615 2012 quod
633 1917 831 1989 delectantia
847 1921 960 1992 malim

168 2026 341 2112 Scribere,
360 2038 397 2093 tu
413 2049 511 2094 causa
526 2049 580 2112 es,
595 2022 700 2094 lector
717 2027 842 2112 amice,
860 2029 964 2117 mihi,

121 2132 181 2219 Qui
202 2129 308 2226 legis,
328 2145 361 2200 et
380 2144 450 2200 tota
468 2145 582 2200 cantas
593 2155 674 2222 ¹mea
692 2134 839 2202 carmina
855 2136 973 2204 Roma.

166 2235 231 2306 Sed
254 2239 384 2321 nescis,
402 2239 516 2331 quanti
538 2251 603 2307 stet
622 2239 704 2307 mihi
723 2238 796 2308 talis
814 2264 919 2310 amor.

118 2345 196 2411 Nam
216 2347 244 2413 si
266 2341 406 2434 falciferi
424 2341 601 2412 defendere
622 2343 747 2440 templa
768 2347 945 2436 Tonantis,

166 2448 392 2543 Sollicitisque
415 2447 514 2518 velim
536 2445 680 2520 vendere
701 2449 805 2520 verba
823 2453 903 2541 reis3

117 2554 284 2626 Plurimus
301 2557 466 2650 Hispanas
484 2556 592 2626 mittet
609 2557 691 2626 mihi
704 2559 812 2628 ¹nauta
835 2573 1006 2648 metretas,

105 2757 189 2822 *uicit
196 2770 232 2821 oh
241 2765 367 2822 studium
377 2766 483 2821 lectoris
491 2769 577 2839 cujus·
620 2766 735 2838 placeo,
756 2779 783 2822 et
803 2768 978 2824 circumferor
1004 2768 1136 2841 quidem,

76 2861 117 2913 qne
123 2866 237 2917 pronum
244 2849 279 2900 in
285 2849 402 2900 earmina
409 2846 577 2912 delectantia,
621 2845 688 2900 dum
702 2847 769 2900 mihi
783 2864 875 2919 pereo.

75 2921 146 2992 ipsum
161 2929 206 2982 illa
221 2927 360 2982 anteferre
373 2928 460 2992 seriis3
476 2940 503 2980 at
516 2927 576 2980 talis
662 2925 689 2980 5.
710 2927 775 2982 Nam
786 2931 809 2980 si
816 2929 936 2994 surkifiri.
956 2929 1015 2982 lloc
1033 2941 1088 2996 est,
1103 2929 1133 2984 Si
1174 2925 1177 2932 ’

75 3021 175 3060 rnorem
201 3007 307 3062 ludicri
327 3007 377 3060 sibi
396 3026 492 3078 magno
511 3025 576 3060 con·
619 3005 965 3078 velim'oansasperorarein
976 3008 1050 3073 loro,
1058 3011 1134 3081 juxta

75 3093 145 3150 stare,
160 3107 244 3160 quum
262 3087 335 3141 nihil
350 3087 401 3140 nisi
418 3088 500 3140 verba
518 3088 575 3140 lau·
620 3083 693 3157 quod
707 3086 821 3140 Saturno
836 3086 931 3140 falcem
944 3089 1047 3158 gerenti
1059 3087 1133 3143 dice·

75 3160 162 3219 datoris
179 3170 309 3240 colligat,
327 3165 395 3220 dum
412 3168 487 3222 brevi
508 3180 576 3220 tem·
620 3178 678 3219 tum
689 3178 747 3220 erat
759 3167 906 3237 templum,
917 3179 983 3222 teste
993 3168 1132 3224 Macrobio

75 3259 127 3310 pore
143 3247 201 3301 lites
215 3246 326 3320 agendo
343 3245 490 3300 causidicus
508 3245 576 3300 dite·
620 3243 727 3298 Saturn.
737 3245 784 3300 lib.
794 3247 822 3314 l,
832 3264 891 3317 cap.
902 3249 928 3301 8.
938 3278 978 3290 -
989 3249 1133 3317 Defendere.

74 3340 133 3378 scere
143 3343 241 3398 posset.
256 3329 312 3380 tm.
620 3322 654 3378 Id
672 3337 728 3391 est,
745 3342 834 3378 causas
850 3345 946 3398 egere,
963 3347 1023 3399 qun
1038 3330 1133 3400 juvent

108 3423 129 3457 1.
144 3405 306 3468 Beverlandi
323 3404 379 3458 MS.
393 3406 464 3458 mato.
621 3405 751 3457 serarium.
768 3403 839 3458 Vide
855 3406 918 3460 libr.
933 3407 995 3474 111,
1017 3405 1056 3461 de'
1071 3408 1131 3461 Pee.

106 3491 127 3537 3.
148 3487 201 3558 Qut
222 3489 302 3558 Iegis,
326 3499 351 3536 et
373 3496 471 3536 cunetas
493 3482 577 3538 codex
621 3485 684 3538 Vet.
705 3501 764 3556 cap.
784 3483 811 3538 3.
833 3483 940 3540 Gronov.
959 3517 1000 3530 --
1022 3488 1130 3558 Tmpla.

74 3560 213 3620 thuaneus.
237 3569 294 3638 Qui
310 3567 388 3636 legis,
411 3575 436 3615 et
449 3565 530 3634 jactas
548 3564 576 3616 in
621 3561 654 3616 ld
667 3576 718 3626 est,
735 3581 825 3618 musae
836 3565 865 3617 in
879 3567 980 3637 templo
992 3563 1086 3620 diem.

75 3641 122 3696 cod.
135 3645 253 3701 Floreat.
662 3647 689 3696 6.
700 3643 822 3708 Vendere,
835 3657 885 3698 ete.
895 3645 995 3699 [sumre
1003 3647 1132 3718 linguam,

105 3731 129 3786 4.
143 3726 192 3779 Sed
203 3729 294 3779 mets.
310 3723 335 3778 Ο
353 3725 451 3789 lector,
468 3735 499 3776 ut
511 3723 577 3778 meis
622 3735 648 3774 et
662 3743 733 3774 voces
743 3727 892 3794 prostituisse
904 3725 1043 3793 foro51ib.
1059 3725 1137 3791 Vll,

75 3803 177 3858 versibus
195 3819 306 3878 captem
324 3817 399 3857 tuam
414 3803 577 3856 benevolen·
621 3803 705 3874 epigr.
723 3821 810 3864 txrrr,
823 3823 861 3857 vs.
875 3823 901 3874 7.

75 3877 141 3948 liam,
152 3884 184 3938 ad
195 3887 318 3958 inopiam
329 3881 437 3955 redigor
445 3903 453 3948 3
462 3881 508 3936 sed
519 3883 577 3936 aliis
662 3901 690 3952 7.
699 3883 837 3947 Plurimus,
849 3896 900 3937 ete.
912 3883 1054 3937 Mittentur
1064 3883 1133 3938 mihi

75 3977 100 4009 ex
109 3963 211 4034 studiis,
224 3984 288 4038 quae
302 3963 413 4025 omitto,
427 3961 576 4016 mercedem
621 3981 635 4014 a
646 3962 787 4016 clientibus
795 3981 862 4034 quos
872 3961 998 4027 delendi,
1007 3961 1068 4016 cadi
1077 3964 1133 4016 vini

75 4054 235 4116 consequerer
249 4043 450 4114 amplissimam.
466 4045 508 4096 Ita
520 4041 576 4096 aliis
621 4041 749 4114 Hispani;
765 4061 876 4096 nummo
893 4061 964 4096 ereo
976 4042 1133 4115 implebitur

932 4137 978 4245 ²¹l
