2836 4962
289 377 738 486 artoiaummuu
765 415 860 482 nm:
891 417 933 484 v.
1129 418 1150 490 3

134 553 312 636 Mittimus,
335 575 356 616 o
379 573 492 617 rerum
511 546 588 616 felix
607 544 729 634 tutela,
745 543 922 641 salusque!

184 657 314 752 Sospite
330 679 398 750 quo
417 669 549 750 gratum
569 651 735 725 credimus
754 677 825 722 esse
841 656 969 722 Jovem.

132 769 182 832 Tu
202 777 332 832 tantum
352 761 520 856 accipias:
541 785 604 856 ego
626 758 658 828 te
677 759 793 854 legisse
816 759 961 854 putabo,

182 873 226 940 Et'
242 867 389 940 tumidus
405 865 501 937 Galla
520 865 716 936 credulitate
731 866 833 935 fruar.
849 907 852 914 ·

86 1077 203 1134 dentibus
218 1081 324 1133 Anxur.
335 1104 346 1126 ι
359 1077 454 1140 Horat,
472 1079 522 1132 lib.
537 1077 565 1130 ΙΙ
580 1107 589 1138 a
634 1078 725 1142 seriis,
736 1089 763 1130 et
775 1075 886 1132 ardente
895 1077 996 1149 templo
1005 1077 1079 1150 apud
1090 1079 1152 1134 adi·

85 1159 265 1214 satam—Sim
276 1158 394 1210 candidu
409 1159 509 1211 Altam.
520 1157 590 1210 Latii
635 1170 711 1210 tuum
731 1157 800 1210 clam
818 1157 998 1230 pernoctavit,
1018 1177 1049 1212 ac
1071 1179 1149 1215 inane

84 1237 219 1310 oppidum,
239 1236 322 1292 hodie
345 1238 493 1302 Terracina,
513 1240 590 1308 cujus
633 1237 712 1290 Isiaci
740 1235 841 1291 celatus
875 1237 995 1304 habitu,
1024 1239 1149 1312 interque
1227 1279 1229 1286 ·

86 1315 590 1390 aquasnntvaldesalutarea:dicitur
633 1315 796 1370 mcrificulos
821 1317 901 1370 varin
928 1316 1149 1389 superstitionis,

84 1398 203 1452 candidus
218 1399 261 1452 vel
280 1395 427 1452 scandere
444 1413 590 1464 saxorum,
633 1414 720 1470 quum
732 1415 760 1450 ae
781 1409 854 1450 uana
868 1397 989 1456 Tiberim
1005 1396 1040 1452 ad
1055 1399 1149 1454 condi-

84 1479 119 1530 vel
132 1498 146 1532 a
160 1481 233 1532 calce
247 1497 306 1550 quta
319 1477 461 1532 conficitur
478 1496 510 1530 en
522 1477 589 1548 lapi·
632 1475 729 1548 scipuli
740 1475 782 1530 sui
790 1489 903 1530 matrem
913 1478 1010 1532 comite
1020 1497 1075 1532 uno
1086 1499 1153 1538 cons

84 1555 153 1612 dibus
160 1557 224 1612 inde
235 1557 335 1630 petitis.
349 1550 476 1612 Neutrius
485 1558 590 1630 generis
633 1557 748 1621 tulisset,
759 1557 795 1610 ita
808 1557 902 1623 latuit,
913 1570 945 1610 ut
957 1560 1146 1619 scrutantibus.

84 1635 289 1711 reperitnrapnd
297 1636 449 1703 Horatium,
459 1639 487 1702 1,
498 1651 546 1692 sat.
555 1655 588 1690 v:
632 1637 680 1710 qui
690 1635 799 1708 vestigia
810 1637 915 1708 sequuti
928 1651 1004 1692 mant
1011 1677 1019 1704 ‚
1032 1658 1088 1692 non
1099 1639 1147 1694 de-

87 1743 97 1763 ·
110 1718 264 1788 Impositum
276 1719 328 1770 late
335 1717 404 1772 saxis
412 1715 589 1772 candentibus
632 1715 763 1790 prehendi
781 1717 904 1789 potuit.»
922 1717 1003 1772 Forte
1016 1720 1147 1774 referatur

85 1798 174 1852 Anxur.
193 1825 205 1846 ι
234 1799 277 1850 Ita
301 1810 413 1852 vocatur
434 1797 508 1870 quasi
531 1797 588 1852 ἅνω
632 1797 721 1868 aptius
740 1795 774 1850 ad
794 1798 1148 1854 restitutumaDomitiano
1189 1855 1191 1862 Α

84 1877 159 1947 ξυροῦ,
171 1881 223 1930 sim
238 1878 371 1940 meacula,
387 1877 449 1949 qnia
463 1875 500 1930 ibi
513 1879 530 1928 J
532 1877 589 1950 opi·
633 1875 795 1946 Capitolium
805 1913 814 1940 ‚
825 1895 909 1947 quum
919 1877 1019 1930 iterum
1030 1879 1147 1945 arsisset,

84 1967 118 2008 ter
129 1958 254 2010 imberbis
269 1957 416 2010 colebatur.
632 1968 662 2008 ut
673 1956 764 2009 scribit
777 1956 931 2028 Tranquill.
943 1975 1000 2030 cap.
1016 1957 1049 2024 5,
1061 1976 1147 2033 eaque

117 2057 141 2107 7.
153 2039 285 2101 Mittimus,
301 2058 317 2090 o
330 2057 417 2090 rerum.
433 2037 491 2090 Hoc
504 2037 587 2089 reser—
630 2037 741 2089 nomine
763 2037 858 2089 lovem
878 2049 984 2108 gratum
1001 2051 1029 2092 et
1043 2057 1147 2094 memo·

84 2128 121 2170 tur
139 2116 171 2170 nd
195 2118 320 2190 primum
343 2116 491 2172 distichum
506 2116 587 2188 bajus
630 2133 687 2168 rem
708 2133 781 2182 essa,
802 2117 845 2169 vel
859 2114 935 2187 quod
951 2119 1014 2170 tovi
1032 2117 1145 2172 Custodi

84 2197 284 2268 epigrammatia3
297 2195 370 2250 unde
384 2197 526 2267 intelligis,
538 2215 587 2264 sa·
629 2195 800 2248 Domitianus
814 2193 943 2268 templum
953 2235 960 2261 ,
969 2195 1073 2268 dejecto
1085 2199 1147 2252 adi-

84 2294 113 2344 pe
127 2278 283 2332 sententiam
303 2273 379 2348 ¹apud
392 2289 484 2348 poetas
503 2278 531 2328 in
545 2295 586 2329 se·
630 2275 670 2328 tui
683 2277 875 2341 contubernio,
888 2275 1065 2330 dedicaverat.

83 2357 175 2420 cundo,
191 2357 274 2412 tertio
290 2358 335 2409 vel
357 2370 453 2429 quarto
471 2355 586 2410 disticho
672 2375 698 2426 9.
714 2357 752 2408 Tu
765 2367 859 2424 tamma
870 2360 973 2426 aspicias
984 2356 1068 2411 codex
1080 2359 1144 2411 Pul·

83 2437 183 2503 absolu,
202 2451 231 2492 et
245 2436 314 2489 nihil
334 2455 389 2490 esse
406 2455 513 2490 necesse
531 2437 587 2488 sin·
630 2437 989 2508 mannitTatamumaccipies
999 2437 1143 2492 atatam.

82 2513 140 2584 galis
152 2517 275 2572 distichis
286 2517 404 2588 singulas
417 2517 516 2570 absolvi
529 2534 588 2569 sen·
631 2513 721 2568 Calin.
741 2515 846 2587 Gryph.
866 2515 950 2587 Lang.
966 2518 1076 2572 lanian.
1093 2531 1143 2572 etc.

83 2599 219 2664 tentias,ut
232 2609 316 2668 spect.
328 2597 375 2649 lib.
388 2598 475 2668 epigr.
488 2615 509 2650 r.
519 2596 586 2649 Rad.
629 2628 670 2638 -
692 2595 825 2665 Accipias,
846 2595 968 2649 meliores
989 2615 995 2649 :
1019 2598 1073 2650 boc
1097 2597 1144 2651 ad·

116 2679 139 2729 8.
165 2675 312 2731 Pulmanni
332 2677 436 2742 codex,
458 2680 586 2748 quoerimm
629 2675 698 2728 misi.
714 2677 765 2728 Em.
863 2747 866 2754 ι

82 2776 123 2807 aare
143 2759 235 2812 lovem.
264 2789 304 2800 -
330 2756 434 2812 Gratum
458 2757 585 2810 oredimus.
672 2775 711 2808 ιο.
728 2757 764 2808 Et
782 2757 884 2807 tumidus
892 2758 962 2822 salsa
977 2756 1062 2810 codex
1078 2759 1141 2810 Pul-

82 2834 131 2890 Hoc
145 2850 199 2904 est,
218 2855 367 2890 memorem
387 2837 540 2890 beneficiio
559 2849 586 2890 te
628 2835 718 2888 manni
730 2833 924 2889 etBeverlandi
938 2837 998 2888 MS.
1013 2869 1053 2879 -—
1065 2837 1143 2891 Gallo

81 2919 170 2988 accepti
191 2937 198 2970 :
223 2936 288 2970 nam
315 2929 492 2988 praeterquam
507 2929 585 2970 'tern-
628 2915 778 2968 credulitate.
795 2915 866 2968 Galli
881 2915 954 2968 enim
967 2935 1029 2976 vera
1042 2917 1143 2992 ‘simpli-

80 2996 146 3063 plum
167 2998 232 3050 Jovi
253 2995 431 3063 condiderat,
457 3009 484 3049 et
500 2997 586 3051 multa
628 2995 707 3048 citate
725 2995 791 3048 boni
807 3008 884 3058 sunt,
905 3007 984 3067 atque
1005 2997 1069 3050 binc
1083 3013 1142 3051 cre·

81 3072 183 3130 delubra
197 3077 341 3135 refecerat,
354 3077 425 3129 bello
437 3077 584 3129 Vitelliano
628 3073 694 3128 duli.
717 3075 831 3143 Strabo,
854 3075 902 3129 lib.
925 3077 967 3128 IV
982 3095 989 3128 :
1007 3069 1091 3139 luo<
1110 3075 1140 3129 dl

80 3155 240 3210 Domitianus
256 3156 344 3210 adhuc
358 3175 440 3226 puer,
457 3172 511 3209 una
522 3175 584 3211 cum
629 3156 719 3208 ἁπλοῦν
734 3158 776 3209 aui
793 3159 822 3209 οὐ
838 3157 973 3221 κακόηθες,
986 3159 1081 3228 supple
1097 3163 1140 3228 φῦ-

80 3249 166 3302 patruo
178 3236 295 3304 Sabino,
306 3236 470 3308 Capitolium
482 3255 532 3308 pro
543 3237 583 3288 vi·
626 3242 666 3287 λον
680 3237 800 3304 saltreia
814 3257 820 3270 ·
837 3235 957 3288 Caeterum
969 3237 1068 3290 Gallica
1079 3257 1141 3308 geas

80 3316 144 3370 ribus
154 3319 208 3372 suis
218 3315 392 3379 defenderat,
405 3329 432 3370 et
444 3315 582 3384 incensum
628 3319 723 3384 ingenio
733 3316 849 3386 simplici,
866 3335 896 3366 ac
908 3317 981 3368 nalla'
990 3319 1140 3386 malignitate

81 3406 159 3449 tamen
178 3409 272 3468 postca
294 3395 418 3450 restituit.
439 3396 583 3450 Suetonius
627 3396 867 3466 maioremquorum
875 3395 979 3450 indoles
987 3409 1140 3468 temporum

80 3473 103 3526 in
119 3477 287 3541 Domitiano,
303 3496 361 3548 cap.
380 3475 406 3528 ὅ.
419 3473 491 3528 Vide
504 3477 583 3530 etiam
626 3475 704 3546 lapsu
720 3475 845 3529 nonnihil
863 3476 891 3528 in
905 3467 1046 3532 diversum
1063 3479 1137 3530 abiit.

80 3552 413 3628 lih.lX,epigramm.c1v.
425 3555 511 3608 Aliter
525 3575 583 3608 rem
628 3556 710 3608 Ovid.
728 3557 818 3608 Arnor.
836 3556 893 3621 ΙΙΙ,
907 3557 972 3627 eleg.
992 3561 1026 3612 13
1043 3559 1137 3612 simili·

80 3649 159 3690 sstttttt
171 3638 281 3692 Tacitus
295 3637 365 3690 Hist.
380 3637 442 3688 111:
463 3662 475 3684 ι
491 3635 583 3688 Domi·
626 3635 821 3690 busserevoc.:
837 3637 974 3710 aEtkliceat
988 3640 1067 3692 stulta
1079 3657 1135 3692 cre·

80 3713 256 3770 tiroustamen
269 3715 482 3786 irrumpentibus
492 3715 583 3772 adver·
626 3713 738 3769 dulitate
751 3717 814 3768 frui.
832 3743 842 3763 ι
859 3718 910 3770 Eo.
