2836 4962
272 431 316 501 18
558 430 605 498 Μ.
623 429 731 498 VAL.
761 429 1056 497 MARTIAMS

321 559 446 646 Multas
467 561 502 626 in
524 557 655 653 digitis,
674 557 787 652 plures
806 561 841 626 in
863 559 1009 628 carmine
1032 583 1199 652 gemmas,

376 667 530 734 Invenies
549 691 556 732 :
576 664 653 733 inde
671 679 722 734 est
738 665 830 752 haec,
846 679 947 760 puto,
967 663 1056 735 culta
1074 689 1201 734 manus.

311 877 338 932 3.
348 878 380 930 In
387 881 490 928 carmine
497 894 611 946 gemmas.
620 875 785 946 Elegantiam
829 875 926 946 gamit.
937 875 1086 928 Farnobiut
1093 893 1158 928 vero
1166 873 1203 928 sic
1212 875 1325 948 explicat
1336 872 1350 928 :⁴

270 969 349 1029 atque
359 967 516 1010 ornamenta
527 973 653 1008 versuum
669 955 786 1027 appellat
829 955 965 1009 Gemmeis
988 955 1093 1008 annulis
1116 967 1241 1020 ornatur,
1266 955 1346 1026 quod

271 1055 399 1110 gemmas.
830 1035 971 1106 elegantias
983 1035 1119 1088 etlumina
1129 1034 1157 1087 in
1166 1035 1284 1088 carmine
1292 1055 1346 1106 po·

313 1123 340 1180 4.
351 1117 411 1168 Inde
421 1127 464 1167 est.
479 1115 538 1167 Hoc
547 1125 601 1178 eet,
612 1133 706 1167 manus
716 1113 784 1166 Stel·
828 1133 894 1167 nere
906 1113 971 1168 sciat
984 1127 1029 1168 :et
1041 1133 1157 1186 gemmas
1169 1115 1346 1168 forte'conse·

269 1196 302 1249 lte
313 1207 432 1249 nontam
442 1193 542 1247 dicitur
553 1195 626 1247 culta
637 1194 785 1265 agemmis‚
829 1195 961 1266 quebatur
982 1196 1015 1247 ab
1040 1196 1088 1260 iis,
1111 1212 1227 1265 quorum
1250 1192 1347 1250 laudes

176 1293 179 1300 ’
271 1294 381 1346 quamn
397 1293 522 1328 versuum
534 1284 676 1328 venustate
692 1287 718 1326 et
731 1274 784 1326 ele·
829 1274 988 1329 celebrabat.
1054 1329 1055 1336 χ

746 1487 860 1573 XII.

678 1723 729 1766 ne
757 1689 935 1767 monem*

430 1909 545 2004 Quoti'
561 1915 711 2002 nutantia
734 1912 843 1982 fronte
863 1915 1024 2006 perticata

431 2025 550 2091 Gestat
567 2019 716 2115 pondera
735 2016 917 2088 Masthlion
939 2021 1121 2114 superbus,

431 2130 498 2196 Aut
517 2119 651 2221 grandis
670 2126 775 2194 Linus
797 2125 951 2194 omnibus
972 2123 1102 2196 lacertis

431 2236 566 2326 Septem
586 2231 677 2326 quod
699 2255 820 2324 pueros
842 2230 948 2315 levat,
964 2231 1017 2301 vel
1040 2249 1137 2322 oct03

431 2341 499 2408 Res
520 2363 589 2408 non
611 2331 755 2408 difficilis
773 2337 855 2412 mihi
872 2337 1023 2406 ¹videtur:
1336 2369 1348 2410 t

317 2554 379 2614 “De
396 2561 492 2612 annulis
508 2559 593 2614 Steiloe
602 2560 699 2612 lemma
709 2569 749 2612 eet
758 2557 788 2610 in
844 2607 847 2616 ,
874 2577 900 2610 α.
914 2558 1049 2623 Masclion,
1062 2559 1125 2614 edd.
1141 2560 1350 2634 antiq.'I⁴'ema1-.

278 2640 370 2696 codice
383 2639 501 2694 Floreat.
514 2642 554 2692 De
565 2638 731 2692 Masclionein
743 2655 788 2692 oo·
832 2635 893 2690 Atd.
907 2638 982 2691 Junt.
998 2639 1086 2692 Colin.
1100 2642 1206 2714 Gryph.
1220 2644 1351 2702 Puiman.

278 2721 338 2775 dice
352 2719 504 2774 Pulmanni.
832 2717 941 2770 Junian.
960 2720 1042 2790 hang.
1059 2732 1109 2774 etc.
1124 2723 1269 2777 Masthilion
1279 2731 1353 2798 tupi.

203 2841 206 2854 .
315 2829 356 2844 -·
372 2801 493 2852 Venusto
505 2800 612 2871 jocatur
629 2798 658 2856 in
673 2812 788 2868 gemmas
833 2817 892 2860 nus,
906 2788 977 2868 cotij.
990 2799 1388 2860 Farnabius.—Mastilion'

278 2881 380 2942 Stellae,
398 2880 496 2951 quibus
508 2877 590 2932 credo
606 2875 698 2932 decem
712 2878 789 2948 puel·
834 2870 987 2945 (Masclion),
998 2879 1144 2934 Linus.Viri
1156 2880 1212 2935 duo
1222 2886 1354 2941 maximis

277 2963 365 3014 lerum
379 2960 422 3013 vel
431 2977 493 3024 ora,
503 2959 545 3011 vel
553 2957 695 3010 nominum
707 2957 790 3009 literae
833 2956 935 3009 viribus
945 2957 1239 3033 prediti—Superbus.
1253 2965 1355 3030 Quum

278 3053 354 3094 erant
369 3039 513 3110 inscripta.
529 3037 601 3102 Atii,
615 3037 716 3108 inquit,
731 3055 791 3106 gra·
833 3037 950 3092 refertur
963 3037 998 3090 ad
1010 3058 1110 3105 mores,
1126 3041 1156 3097 in
1171 3043 1270 3096 malam
1283 3065 1355 3118 par.

279 3120 323 3174 via
338 3119 486 3172 cervicibus
502 3135 598 3180 onera,
613 3116 658 3169 alii
673 3115 791 3172 humeris
834 3130 889 3170 tem
911 3117 1042 3185 sumitur;
1066 3118 1207 3174 sedetiam
1221 3126 1355 3182 translate
1413 3181 1414 3188 ,

279 3212 307 3254 et
325 3198 442 3252 brachiis
459 3209 561 3270 septem
579 3208 674 3250 octove
693 3213 792 3266 pueros
836 3195 870 3249 ad
880 3214 992 3268 corpus,
1006 3211 1033 3250 et
1047 3211 1111 3253 tunc
1124 3202 1352 3272 significataltux,

279 3290 415 3350 gestarunt
426 3295 433 3330 :
445 3278 527 3330 Stella
541 3295 596 3329 uno
608 3274 693 3346 digito
703 3286 792 3346 portat
832 3296 952 3348 procerus.
967 3276 1063 3332 Rider.
1098 3326 1102 3332 .

281 3357 376 3414 decem
391 3357 503 3430 puellas.
877 3357 904 3410 3.
916 3357 972 3410 Aut
981 3359 1084 3427 grandis
1094 3361 1178 3414 Linus.
1190 3362 1277 3417 Fuere
1288 3363 1356 3420 Ma-

324 3456 349 3489 1.
363 3437 513 3491 Scriverius
522 3455 537 3489 e
545 3435 605 3490 cod.
616 3455 664 3490 suo
673 3434 793 3506 reposuit
835 3436 935 3490 sthlion
948 3450 975 3490 et
984 3438 1068 3492 Linus
1079 3452 1177 3510 agyrtae
1187 3455 1233 3495 aut
1243 3448 1357 3515 presti-

277 3520 397 3590 perticata
412 3535 463 3587 pro
476 3520 611 3586 pertinaci,
629 3514 702 3587 quod
718 3513 792 3568 exhi·
835 3517 964 3587 gintores,
978 3518 1130 3589 cujusmodi
1140 3521 1221 3574 fuisse
1231 3525 1358 3580 Athena-

281 3600 444 3653 bentomnes
451 3594 513 3649 edd.
524 3597 793 3666 vett—Frontepen-
836 3607 894 3650 tum
905 3608 933 3649 et
943 3597 1055 3650 Fusium
1069 3600 1191 3653 meminit
1200 3603 1240 3656 ΡΙ.
1252 3604 1358 3674 tvn,

282 3682 374 3740 ticata,
388 3695 445 3729 non
452 3679 585 3746 pertinaci,
595 3675 742 3730 Scriverius
754 3674 793 3726 le·
836 3694 862 3729 c.
871 3694 905 3729 ιο
915 3694 922 3728 :
931 3676 1039 3731 «Fusius
1049 3677 1152 3734 Salvius
1160 3679 1215 3734 duo
1225 3697 1360 3741 centena-

281 3755 664 3829 git‚atquehicinterpretatur
673 3767 794 3819 contum,
836 3754 1256 3828 riuponderapedibus‚totidem
1264 3767 1361 3820 mani.

282 3855 330 3890 eeu
348 3836 476 3908 perticam
495 3832 632 3907 stupende
647 3834 726 3887 molis
737 3845 794 3888 ere·
836 3835 889 3888 hus
897 3847 925 3889 et
935 3833 1076 3892 ducenaria
1088 3838 1144 3892 duo
1152 3840 1272 3897 humeris
1282 3863 1359 3899 con.

282 3929 369 3982 ctam,
389 3916 418 3969 in
437 3934 497 3968 area
517 3914 613 3968 frontis
631 3925 757 3986 gestatam
779 3931 794 3966 a
837 3914 1144 3987 mascalaegerebataln
1155 3939 1250 3992 magno
1259 3927 1360 3995 pretio

284 3995 456 4050 Masthlione.
465 3994 530 4048 Vid.
544 3994 750 4068 Chiysoetomus
764 3993 793 4046 in
838 4006 914 4048 erant
924 3995 969 4048 isti
978 3995 1100 4052 homines
1109 4018 1164 4070 quo
1173 4014 1296 4073 tempore
1309 4025 1362 4060 ro·

282 4073 353 4126 libro
365 4074 399 4128 de
412 4078 429 4130 J
431 4072 602 4146 mejurando.
837 4075 889 4126 bur
903 4075 1023 4144 corporis
1037 4079 1154 4132 multum
1169 4081 1282 4136 valebat.
