2836 4962
130 837 140 874 i

265 385 313 469 2'6
544 399 714 466 nvnc.
744 396 1044 487 nnnrmnrs

315 534 406 600 Dum
426 544 459 598 te
479 554 576 624 posse
598 553 698 623 negas
720 531 782 598 nisi
804 527 891 612 lato,
909 526 1036 614 Gellia,
1055 525 1151 596 clavo

367 636 528 706 Nubere:
552 637 712 730 nupsisti,
729 634 855 722 Gellia,
874 634 1028 703 cistifcro.

303 811 331 863 3.
346 811 423 872 Lata,
442 807 538 871 Gellia,
554 809 630 861 clavo.
647 807 706 860 Hoc
717 819 773 874 est,
819 805 981 860 ostenderet.
1005 805 1077 859 Clari
1096 824 1161 860 vero
1182 817 1237 860 tam
1259 808 1336 860 aurei

261 891 321 944 viro
335 889 462 943 senatorii
477 885 599 953 ordinis,
620 887 773 959 cujusinsi-
819 905 900 958 quam
907 886 1036 958 purpurei
1046 924 1054 951 ,
1064 886 1204 958 particula
1217 898 1294 940 erant
1304 906 1337 940 ex

262 989 314 1041 gne
326 982 383 1022 erat
391 969 458 1022 latus
470 968 576 1032 clavus,
587 986 666 1040 quem
679 967 716 1020 sic
727 966 775 1019 de·
819 985 885 1020 auro
901 967 944 1020 vel
955 984 1090 1037 purpura,
1108 984 1181 1019 nunc
1192 965 1335 1030 rotundae,

264 1049 357 1103 scribit
370 1046 485 1101 Budaeus
498 1047 527 1099 in
544 1045 672 1100 Pandect.
685 1047 733 1098 lib.
743 1046 773 1098 I:
820 1064 893 1099 nunc
908 1044 1060 1118 quadratae,
1073 1063 1132 1116 quae
1141 1059 1271 1117 tanquam
1281 1065 1338 1099 em·

267 1155 278 1177 ι
289 1131 330 1182 Ex
342 1127 421 1181 dictis
434 1140 559 1198 apparet,
571 1127 675 1196 inquit,
690 1127 774 1179 latum
820 1127 935 1179 blemata
953 1123 1075 1197 quaedam
1096 1125 1213 1179 vestibus
1232 1127 1338 1179 insere-

262 1209 369 1263 clavum
398 1206 519 1261 tunicam
548 1207 627 1260 fuisse
654 1225 776 1277 purpura
820 1207 918 1259 bantur
948 1217 1027 1278 atque
1052 1205 1246 1268 insuebantur,
1276 1225 1338 1277 quae

262 1288 559 1360 praetextam,latiorem
566 1287 656 1339 tunica
664 1287 775 1356 vulgari,
821 1287 901 1339 etiam
916 1305 931 1338 a
944 1297 1016 1338 veste
1028 1297 1152 1356 poteraut
1165 1285 1298 1357 separari,
1311 1299 1338 1339 et

262 1368 480 1439 longioremque,
497 1385 527 1420 ac
541 1365 714 1430 discinctam,
731 1366 776 1420 cui
821 1363 885 1419 inde
914 1365 1011 1431 eximi,
1033 1365 1113 1418 utin
1135 1365 1215 1418 aliam
1235 1377 1337 1418 vestem

264 1461 324 1517 toga
339 1466 419 1518 super
434 1443 611 1513 induebatur,
624 1459 654 1499 ut
670 1447 774 1498 tunicae.
821 1445 1044 1514 transferrentur,
1055 1456 1082 1497 et
1093 1443 1128 1497 de
1141 1463 1213 1498 novo
1226 1463 1338 1498 consue·

265 1527 408 1580 Suetonius
424 1527 452 1579 in
468 1528 534 1596 Aug.
555 1534 591 1596 94
608 1545 616 1577 ε
636 1525 776 1579 «Sumenti
822 1538 925 1578 rentur.
949 1526 1064 1576 Tunicam
1084 1525 1174 1595 itaque
1190 1525 1338 1577 laticlaviam

263 1607 370 1660 virilem
385 1621 473 1677 togam
490 1607 581 1658 tunica
599 1606 646 1658 lati
662 1607 730 1658 clavi
744 1625 777 1657 ex
822 1617 868 1658 aut
890 1604 1089 1674 angasticlariam
1100 1601 1252 1667 'vocamus,
1275 1622 1338 1673 quae

265 1700 377 1758 utraque
397 1699 472 1756 parte
485 1689 572 1738 resuta
585 1684 619 1738 ad
634 1685 716 1756 pedes
729 1685 776 1738 de·
821 1685 944 1755 pluribus
952 1684 1011 1736 latia
1021 1683 1101 1736 clavis
1111 1683 1263 1753 angustiare
1271 1696 1339 1736 esset

265 1764 364 1819 cidit.»
385 1799 426 1808 -
446 1766 531 1820 Claro.
549 1765 638 1818 Variis
655 1766 729 1817 enirn
744 1767 776 1816 li·
821 1764 953 1836 insignita.
966 1764 1102 1828 Qualitate
1117 1763 1185 1815 clavi
1198 1761 1336 1816 discerne·

266 1847 415 1916 guris‚qua
424 1844 560 1909 rotundis,
571 1863 623 1915 qua
632 1844 777 1916 quadratis,
822 1845 920 1896 bantur
938 1843 1041 1915 equites
1059 1862 1074 1894 a
1089 1843 1264 1895 senatoribus.
1279 1841 1337 1895 Tu·

265 1927 396 1978 Veterum
416 1926 520 1978 luxuria
538 1924 602 1977 lusit
616 1925 646 1976 in
660 1925 777 1978 vestibus
821 1924 910 1976 nicam
934 1923 1146 1981 adhibebant,
1169 1923 1214 1974 cui
1232 1924 1336 1975 consuti

270 2023 335 2058 auro
343 2023 495 2077 purpurave
505 2003 649 2057 illudendis
657 2023 664 2056 :
671 2023 730 2075 qum
739 2023 778 2057 ro·
822 2016 898 2056 erant
911 2001 991 2055 multi
998 2001 1105 2056 latiores
1115 2002 1183 2055 clavi
1194 2024 1202 2066 ;
1215 2002 1338 2072 equitum

266 2084 357 2138 tundae
371 2098 447 2139 erant
462 2097 489 2137 et
503 2085 532 2140 in
547 2085 677 2137 circulum
689 2083 777 2148 flexae,
822 2101 887 2135 vero
904 2082 995 2135 tunica
1008 2083 1097 2135 clavos
1116 2081 1280 2152 angustiores
1294 2081 1337 2134 in-

263 2165 358 2235 plumes
379 2165 510 2218 vocabant
527 2163 634 2228 Latini,
653 2176 680 2216 et
698 2163 777 2216 etiam
823 2174 896 2215 sutos
914 2161 1028 2216 habebat
1043 2174 1050 2209 τ
1068 2161 1132 2214 binc
1150 2162 1196 2216 illa
1214 2161 1338 2215 laticlavia

266 2246 360 2308 claros,
382 2245 469 2298 Graeci
488 2245 578 2306 ἥλους,
598 2243 684 2314 capita
705 2243 777 2295 enim
823 2240 980 2307 dicebatur,
1000 2242 1054 2294 hoc
1073 2253 1132 2306 eat,
1152 2241 1339 2312 ataricum<-

172 2375 173 2378 ,
267 2325 404 2377 clavorum
422 2322 547 2377 rotunda.
561 2321 641 2376 Unde
657 2335 683 2375 et
700 2323 776 2374 ἀσπι-
822 2321 872 2375 ista
886 2322 1077 2392 augusticlaria,
1089 2322 1238 2391 στινόσημος
1250 2337 1257 2370 :
1270 2321 1338 2390 ψιχό·

266 2399 365 2465 δίσκους
381 2403 472 2457 Greci
488 2403 567 2456 etiam
579 2415 687 2468 vocant;
704 2400 778 2454 dixe·
824 2421 901 2472 σημον
920 2402 1001 2455 etiam
1019 2413 1121 2454 veteres
1141 2400 1233 2472 glossa
1252 2401 1338 2453 inter·

267 2496 333 2536 runt
349 2496 376 2536 et
391 2484 480 2537 oculor.
495 2483 566 2535 Hinc
581 2495 658 2534 voster
669 2501 777 2552 purpura
822 2494 978 2552 pretiantur,
988 2481 1129 2552 quasique
1141 2480 1222 2533 micas
1231 2491 1337 2534 tantum

267 2561 648 2634 oculamapudTertullianum.
657 2562 778 2614 Plumatoe
823 2579 964 2632 purpurea,
981 2579 1037 2613 non
1048 2560 1136 2614 clavos
1150 2559 1270 2612 haberet.
1283 2562 1336 2613 Ac·

267 2662 330 2713 ergo
349 2655 443 2707 aestu,
462 2656 489 2696 et
505 2643 659 2714 plumatiles,
677 2653 704 2694 et
717 2642 776 2712 plu·
823 2638 935 2694 cedebat
943 2654 971 2696 et
979 2640 1023 2694 illa
1033 2638 1203 2705 differentia,
1214 2637 1288 2710 quod
1299 2659 1340 2693 se·

269 2735 334 2774 mata
348 2723 513 2794 Babylonica,
527 2741 587 2793 qua
599 2721 721 2792 pluribus
729 2739 779 2772 no·
823 2733 940 2782 autores,
957 2732 984 2772 et
1002 2720 1098 2791 reliqui
1114 2737 1224 2784 omnes,
1237 2719 1338 2790 quihus

267 2803 301 2855 tis
310 2822 341 2855 ex
349 2822 414 2855 auro
421 2820 589 2874 purpurave,
600 2820 649 2854 acu
661 2800 779 2864 intextis,
823 2800 870 2853 lati
879 2799 946 2853 clavi
954 2801 996 2870 jus
1009 2813 1078 2866 erat,
1088 2817 1144 2852 non
1150 2798 1338 2870 cingerentur,

267 2902 356 2954 sparsa
362 2896 438 2936 erant
448 2895 475 2935 et
481 2882 593 2935 variata:
603 2884 694 2952 σημεῖα
704 2880 780 2934 Grae·
823 2878 871 2932 sed
884 2879 1043 2933 laticlaviam
1056 2879 1173 2932 tunicam
1184 2890 1283 2932 rectam
1292 2897 1340 2950 pe-

230 3025 236 3046 ,
267 2963 320 3027 cis,
334 2961 436 3015 Latinis
451 2974 514 3013 nota
525 2974 552 3014 et
563 2963 652 3030 signa,
668 2961 725 3013 haec
736 2978 780 3012 ve·
823 2971 897 3012 ctore
904 2957 1091 3022 demitterent,
1102 2958 1339 3012 cincturaminime

267 3043 349 3096 stium
361 3043 530 3112 aarxltpara3
543 3039 616 3093 unde
626 3041 779 3110 χρυσόσημος
823 3039 960 3092 strictam:
974 3037 1037 3091 inde
1055 3037 1209 3109 accipienda
1220 3038 1265 3090 illa
1278 3037 1340 3090 lio·

267 3122 349 3175 vestis
357 3161 365 3186 ,
376 3135 402 3174 et
412 3123 607 3192 nappupa'onpoe,
618 3120 705 3173 aureis
714 3139 779 3190 pur·
823 3119 905 3183 ratii,
926 3145 938 3167 ι
948 3119 984 3172 Et
1000 3119 1084 3170 latum
1105 3116 1212 3170 demisit
1228 3130 1340 3188 pectore

268 3201 411 3272 pureisquc
427 3201 498 3254 notis
513 3199 655 3272 insignita,
671 3212 702 3252 ut
715 3219 780 3252 con·
824 3200 930 3254 clavum
942 3224 965 3251 ι,
977 3198 1090 3268 Equites
1104 3210 1191 3251 autem
1200 3195 1280 3268 super
1294 3207 1341 3251 tt·

269 3294 311 3334 tra
325 3282 434 3351 ἄσημος,
449 3299 510 3352 quac
522 3280 591 3332 nihil
606 3281 648 3333 vel
664 3279 723 3332 auri
737 3279 780 3332 vel
823 3277 911 3331 nicam
933 3277 1037 3348 angusti
1057 3277 1126 3330 clavi
1151 3278 1337 3348 cingebantur.

269 3379 396 3432 purpurae
409 3361 541 3414 intextum
554 3360 671 3412 haberet.
687 3360 781 3411 Pluma
824 3357 889 3411 vid.
901 3358 1096 3424 Quintilianus,
1107 3357 1155 3410 lib.
1168 3359 1224 3423 XI,
1234 3373 1293 3428 cap.
1310 3358 1338 3412 3.

268 3441 358 3510 itaque
369 3453 446 3493 erant
455 3452 526 3493 notu
537 3459 569 3492 ex
580 3457 646 3491 auro
660 3439 702 3492 vel
713 3457 778 3508 pur·
823 3438 962 3491 Salmasius.
984 3435 1061 3490 Idem
1079 3435 1113 3488 ad
1131 3437 1259 3510 Vopisci,
1268 3455 1339 3508 pag.

267 3538 334 3592 pura
349 3518 491 3586 rotundae,
506 3530 533 3572 et
549 3517 704 3571 inmodum
717 3518 778 3588 plu·
824 3518 878 3572 505
891 3557 899 3583 ,
926 3518 991 3589 507,
1011 3516 1145 3570 existimat
1171 3517 1281 3588 πλοὺμια
1308 3518 1341 3572 iu

268 3618 372 3652 marum
383 3599 473 3662 sactae,
488 3599 585 3670 quibua
600 3611 684 3650 vestes
695 3598 778 3650 inter·
823 3610 893 3652 veste
915 3617 970 3651 esse
991 3597 1078 3650 clavos
1101 3615 1195 3650 aureos
1214 3599 1341 3652 intextos.

269 3680 425 3733 texebantur
459 3697 489 3732 ac
522 3679 703 3731 variabantur.
736 3675 779 3729 Sic
822 3678 874 3730 Cui
888 3697 945 3730 non
961 3677 1071 3729 omnino
1087 3676 1216 3730 assentior
1232 3695 1239 3729 ι
1253 3675 1339 3730 credo

267 3761 361 3812 clavata
376 3761 447 3810 vestis
463 3755 615 3822 dicebatur,
630 3775 689 3827 quas
701 3759 778 3810 unius
823 3758 896 3810 enim
915 3758 1025 3828 πλούμια
1043 3775 1098 3809 esse
1117 3775 1197 3810 omne
1215 3754 1244 3808 id
1263 3756 1342 3827 quod

269 3839 360 3891 fornrae
376 3838 479 3903 clavos,
499 3855 592 3890 aureos
611 3849 655 3890 aut
675 3856 777 3908 purpu·
822 3837 850 3889 in
861 3835 978 3890 vestibus
991 3835 1121 3906 plumaria
1135 3849 1190 3888 arte
1203 3837 1341 3890 intextum

270 3936 329 3970 reos
339 3957 347 3983 ,
359 3919 413 3971 suis
430 3917 495 3971 locis
511 3919 623 3970 insertos
636 3931 662 3970 et
676 3917 777 3969 insutos
822 3929 891 3983 erat,
904 3916 959 3970 sive
973 3929 1059 3969 essent
1073 3916 1183 3981 tabula,
1200 3917 1253 3970 sire
1265 3917 1343 3970 orbi-

269 3997 377 4050 haberet
389 4016 395 4048 τ
408 4001 492 4068 picta,
507 4016 567 4068 quae
582 3995 692 4051 diversis
705 3997 777 4049 colo·
823 3997 878 4050 culi
892 3997 939 4066 vel,
950 4008 1025 4048 rotae.

269 4076 778 4154 ribusintextaesset,acvariasrerum
864 4084 890 4140 l.
914 4076 1079 4128 Pulmannus
1103 4075 1177 4130 malit
1206 4073 1341 4141 Celtibero.

269 4156 474 4229 animaliumque
483 4159 580 4212 marnas
589 4177 636 4213 acu
646 4175 778 4228 expressas
823 4155 1000 4212 Bevcrlandus
1013 4156 1122 4227 conjicit
1131 4156 1264 4222 caelifero,
1280 4155 1300 4209 i.
1315 4176 1342 4212 e.
