2836 4962
268 387 713 498 nerculnnarun
740 423 836 490 nra.
865 423 906 488 v.
1050 425 1118 516 ¹47

493 653 682 740 XXXI.

180 893 227 938 nr
253 891 363 972 anno
392 885 623 937 ruanonuu
651 884 737 933 cun
755 853 997 960 ¹invertere*

117 1082 252 1164 lerina,
265 1099 365 1170 quam
387 1068 525 1168 placidis
544 1068 678 1140 insultet
695 1069 794 1140 turba
806 1063 980 1164 juvencis:

162 1187 205 1252 Et
223 1207 283 1252 sua
305 1204 405 1276 quam
427 1176 531 1248 facilis
550 1175 699 1272 pondera
719 1190 834 1246 taurus
856 1190 954 1246 amet.

116 1289 274 1358 Cornibus
295 1287 350 1356 hic
368 1284 492 1380 pendet
512 1284 674 1370 summis;
693 1306 798 1376 vagus
819 1280 874 1350 ille
892 1307 952 1377 per
970 1307 1080 1352 armos
1118 1281 1120 1286 ’

163 1395 295 1481 Currit,
313 1393 399 1461 etin
417 1405 489 1460 tcto
505 1387 644 1458 ventilat
661 1411 755 1458 arma
774 1387 869 1458 bove.

116 1503 155 1570 At
169 1499 279 1570 feritas
296 1500 434 1567 immota
452 1497 537 1590 riget
556 1521 563 1563 :
583 1519 651 1564 non
666 1509 753 1563 esset
770 1517 871 1563 arena
1113 1527 1123 1564 ε

24 1737 25 1740 “
116 1703 218 1770 Λιῦσσ’
237 1707 277 1778 ὡς
297 1698 454 1767 ἀσπασίων
477 1696 527 1764 ἐπὶ
548 1697 666 1790 ταύρων
687 1687 795 1774 παῖδες
815 1695 931 1787 ἀθύρειν

163 1811 345 1898 Τολμῶσιν,
364 1806 395 1896 χ’
414 1811 454 1882 ὡς
476 1806 547 1888 βοῦς
570 1798 687 1894 ἄσμενα
707 1810 883 1894 νωτοφορεῒ.
917 1871 921 1878 ,

115 1917 177 1980 Τῶν
197 1911 332 2006 κεράτων
353 1917 370 1977 ὁ
388 1910 442 2002 μὲν
462 1907 553 2000 ἦρται
572 1909 721 2002 delapsa,
739 1906 771 1986 ὃς
791 1899 821 1973 δ’
839 1907 996 1988 ἐπαληθεὶς

163 2023 231 2086 Τῶν
250 2021 373 2100 νώτων,
392 2006 434 2082 δι’
456 2019 528 2083 ὅλου
549 2013 651 2107 θηρίου
673 2019 853 2106 ὁπλομαχεῖ.

114 2115 262 2222 Ᾰγριότης
283 2121 364 2216 ἀτὰρ
384 2123 470 2214 ἡρέρι’
489 2122 568 2212 ἔχει,
585 2122 613 2188 κ’
632 2124 666 2187 οὐ
683 2111 818 2213 γήπεδον
835 2122 917 2187 οὕτω

102 2327 271 2406 'Descriptio
285 2329 363 2385 valde
378 2328 484 2402 poetica
503 2347 569 2400 pue·
613 2347 674 2382 suos
686 2329 844 2400 quassabant
857 2325 975 2400 gladios,
990 2341 1017 2382 et
1027 2331 1123 2401 prelu-

71 2430 152 2466 rorum
158 2413 280 2485 juvencis
287 2409 476 2474 insidentium,
486 2421 513 2460 et
520 2426 569 2479 per
613 2406 712 2460 debant
726 2408 872 2462 certamini.
892 2409 942 2462 En.

72 2495 149 2546 omnia
168 2493 266 2546 horum
289 2489 407 2544 membra
428 2501 527 2542 temere
542 2499 569 2540 et
654 2487 680 2540 5.
693 2488 736 2540 At
739 2489 828 2555 feritas
839 2487 867 2539 in
879 2485 1048 2560 quibusdam.
1061 2491 1123 2544 Ant.

71 2569 192 2642 impavide
201 2567 513 2638 discurrentium,paulo
525 2585 570 2619 an·
612 2565 642 2617 cle
656 2568 726 2640 Rooy
738 2569 807 2637 conj.
828 2567 863 2620 Ut
873 2569 963 2636 feritas
977 2554 1073 2622 inmota
1089 2575 1123 2624 ri·

23 2639 25 2672 t
70 2661 91 2700 te
102 2665 231 2705 certamen
246 2649 408 2702 animalium.
422 2647 475 2700 En.
611 2653 674 2714 get!
697 2666 759 2704 cum
782 2645 965 2701 admirationis
987 2662 1068 2713 nota,
1092 2663 1125 2704 ut

23 2745 24 2798 ᾗ
101 2730 274 2784 -Pambola
295 2731 359 2780 tauri
374 2727 471 2780 lemma
487 2725 568 2778 estin
613 2723 684 2797 apud
712 2726 821 2780 Terent.
843 2727 912 2780 Eun.
936 2729 982 2789 Π.
1009 2748 1044 2794 a,
1068 2729 1122 2792 43:

70 2809 121 2864 cod,
133 2811 249 2864 Floreat.
614 2827 625 2849 ι
634 2805 673 2857 Ut
686 2805 765 2858 falsus
777 2807 859 2860 animi
870 2819 910 2861 eet
920 2807 927 2860 l
943 2833 954 2854 ι
969 2807 1046 2860 Adde
1055 2809 1123 2862 Hor.

105 2907 128 2942 1.
138 2889 260 2951 Placeas,
275 2898 327 2940 etc.
339 2887 426 2951 Quam
435 2882 570 2956 intrepide
614 2885 657 2948 11,
670 2883 724 2938 Sat.
742 2903 813 2948 vm,
834 2889 890 2952 623
906 2887 983 2958 Virg.
997 2891 1061 2942 AEn.
1075 2891 1123 2955 11,

70 2967 92 3018 in
116 2968 291 3040 spectaculis,
318 2965 397 3036 pueri
425 2963 570 3018 desultoria
617 2965 691 3029 2823
710 2975 737 3016 et
754 2964 844 3018 Nostr.
869 2966 916 3020 lib.
938 2968 1016 3032 XIV,
1037 2969 1122 3039 epigr.

70 3047 172 3116 quadam
195 3059 251 3101 arte
275 3044 426 3098 discurram
449 3044 570 3096 inambu·
614 3061 667 3096 crx.
684 3041 736 3096 Sed
748 3044 905 3114 particulam
916 3057 944 3097 at
958 3045 1030 3100 haud
1041 3048 1123 3102 inele-

70 3125 166 3198 lentqne
179 3147 228 3199 per
243 3139 316 3196 terga
329 3125 411 3177 boum
425 3121 570 3176 ludibundi
614 3135 707 3193 gauter
719 3139 913 3196 nonnunquam
930 3125 958 3178 in
973 3125 1124 3181 admiratio·

23 3241 24 3288 ρ
71 3219 91 3258 et
100 3203 413 3274 velitantesNoxplacidis
422 3222 478 3256 non
484 3214 571 3274 potest
613 3221 648 3254 ne
659 3200 804 3254 adhibitam
815 3203 944 3257 videmus.
958 3205 1039 3260 Ovid.
1053 3185 1137 3262 Fasts

23 3305 24 3364 j
69 3285 112 3338 nisi
133 3285 166 3339 ad
186 3298 278 3338 tauros
297 3283 400 3337 referri.
418 3315 459 3326 -
476 3281 568 3336 Turta.
613 3281 781 3350 H‚395,et
790 3282 881 3336 Heins.
892 3282 967 3337 Idem
977 3287 1040 3339 Aut.
1052 3290 1122 3359 conj.

70 3364 217 3420 Puerorum.
382 3431 386 3440 .
613 3361 708 3422 etiarn,
723 3362 763 3413 Ac
774 3365 853 3415 cervis
867 3367 965 3415 immota
977 3369 1057 3435 riget,
1070 3367 1123 3421 hoc

105 3448 237 3499 ωΕτωω.
251 3445 286 3496 Et
298 3441 364 3496 binc
376 3453 452 3512 patet
465 3440 569 3494 cicura·
613 3453 666 3504 est,
685 3441 804 3502 intenta,
827 3455 916 3498 erecta
933 3457 1003 3509 stat,
1018 3465 1053 3500 ne
1074 3446 1123 3500 de·

23 3559 24 3592 ρ
70 3535 105 3576 tos
129 3525 215 3578 luisse.
240 3555 281 3568 ·-
303 3522 436 3584 Pondere,
461 3531 512 3572 etc.
534 3520 570 3572 Et
613 3521 754 3572 volvantur
769 3521 938 3576 inherentes.
959 3524 1039 3577 Ovid.
1056 3525 1122 3580 Met.

23 3601 25 3652 l
71 3620 141 3672 quam
152 3606 282 3676 patienter
295 3601 452 3656 submittant
465 3617 494 3652 se
507 3617 569 3670 per·
613 3599 701 3664 VIII,
719 3601 864 3666 atamen.
881 3603 989 3656 Hercul.
1006 3605 1058 3658 fur.
1073 3607 1122 3676 73.

23 3655 24 3714 l
70 3685 224 3738 currentibus
238 3681 331 3755 pueris
343 3681 434 3733 boves.
446 3679 568 3731 Pondere.
613 3679 752 3751 Denique,
765 3681 807 3735 bis
822 3701 877 3734 non
893 3697 1045 3748 contentus,
1058 3705 1123 3753 pro-

72 3762 218 3817 Puercrur'n.
613 3759 719 3830 posuit:
733 3760 772 3813 Ae
783 3764 862 3814 cervia
876 3765 972 3816 immuta
988 3767 1062 3816 timet.
1079 3766 1122 3820 cf.

107 3847 132 3904 4.
152 3843 185 3895 Et
199 3847 224 3894 in
245 3847 311 3894 totns
325 3839 384 3892 Hoc
405 3851 460 3900 est,
482 3837 570 3890 vibrat
613 3837 660 3890 lib.
674 3839 704 3903 Ι,
720 3840 802 3912 epigr.
819 3859 876 3904 vn,
896 3841 950 3908 23,
965 3856 991 3896 et
1009 3844 1059 3897 105
1073 3864 1082 3910 ;
1097 3858 1124 3898 et

23 3995 24 3998 ρ
72 3917 570 3988 telaexcmnibustaurorumpartibns.
615 3915 695 3970 Ovid.
710 3920 774 3973 Met.
792 3923 824 3987 1,
844 3918 909 3974 652.
924 3955 963 3964 —
980 3924 1125 3990 Atfert'tas.

23 4059 24 4062 Ἴ
71 4033 108 4042 -
128 4002 237 4056 msulae.
255 3999 396 4054 ventilare
414 3997 571 4051 dicebantur
616 3997 659 4048 Illi
673 4001 773 4071 quippe
789 4001 859 4054 tauri
879 4002 920 4054 vel
938 4015 1010 4055 certe
1029 4002 1124 4058 delati·

73 4078 236 4148 gladiatores,
258 4099 343 4152 quum
371 4091 430 4130 ante
442 4157 445 4164 Ι
457 4095 573 4148 pugnarn
617 4079 687 4147 gali,
701 4080 743 4133 vel
762 4081 850 4150 potins
871 4095 945 4135 erant
961 4083 1071 4139 cicures.
1086 4114 1126 4126 —
