2836 4962
268 413 376 521 ¹4-

545 409 730 516 usust:
748 410 1049 478 MARTIALIS
1088 479 1091 488 Α

756 638 842 732 ΙΧ.
907 625 928 659 ⁵

604 870 647 921 tu
679 841 988 922 summentium*
1054 897 1057 902 -

209 1075 214 1087 ’
315 1055 546 1129 Lnucueusm
563 1085 570 1127 ε
587 1059 645 1132 sed
667 1075 705 1130 tu
726 1062 905 1132 comitatus
924 1062 1077 1155 protinus
1094 1057 1137 1136 all
1156 1083 1209 1129 me

368 1167 499 1235 Venisti
521 1181 675 1254 centum,
688 1168 906 1261 symmache,
928 1166 1106 1262 discipulis.

251 1305 260 1331 ·
313 1273 459 1340 Centum
478 1297 531 1340 me
551 1275 690 1368 tetigere
708 1297 826 1347 manus
842 1273 1007 1369 Aquilone
1023 1272 1148 1369 gelatae.

267 1390 270 1398 '
367 1377 447 1446 Non
465 1378 568 1447 habui
586 1379 735 1485 febrem,
756 1359 974 1474 Symmacbe,
991 1406 1082 1452 nunc
1102 1380 1220 1450 habeo.

202 1651 209 1674 l
301 1581 313 1606 ³
334 1587 510 1659 Symmachus
531 1598 607 1642 astate
626 1589 775 1654 Martialis,

262 1666 396 1733 medicus,
409 1670 489 1740 cujus
501 1670 602 1722 mentio
616 1683 656 1723 cst
670 1669 717 1723 lib.
734 1671 776 1722 v1

262 1761 290 1801 et
297 1749 360 1802 VII.
368 1749 459 1814 Quum
466 1749 669 1804 illeMartialean
677 1767 776 1820 ugrum

219 1865 221 1872 ι
262 1829 360 1882 viseret
379 1847 441 1881 cum
455 1829 510 1881 suis
527 1828 713 1896 auditoribus,
729 1830 781 1901 qui,

99 1925 102 1935 ¹
197 1948 200 1954 .
262 1909 342 1962 etiam
356 1897 443 1962 Poeiae
457 1909 560 1962 artefice
572 1910 680 1980 pulsum
694 1927 776 1962 manu

262 1989 448 2060 explorarent,
459 2008 492 2042 ex
504 2001 604 2042 attactu
616 2002 658 2043 tot
667 1988 775 2061 frigida-

262 2087 341 2134 rum,
354 2067 492 2122 horridum
509 2069 549 2122 illi
567 2070 670 2123 febrem
685 2071 775 2123 conci-

254 2149 363 2202 liarunt
374 2189 381 2216 ‚
394 2151 573 2220 morbumque
588 2169 645 2202 non
663 2162 718 2203 tom
732 2168 777 2204 cu·

262 2241 374 2296 rarunt,
387 2247 467 2300 quem
477 2242 611 2283 cresrtmt.
624 2230 715 2283 Rader.

306 2327 330 2362 1.
344 2307 522 2364 Beverlandus
534 2329 566 2362 ex
584 2301 702 2380 duodam
715 2308 774 2362 cod.

264 2389 357 2454 affert,
368 2393 494 2444 comitatus
505 2390 612 2442 omnibus
623 2390 658 2442 ad
665 2409 719 2452 ωας
730 2389 776 2443 sed

177 2463 179 2466 ’
260 2468 777 2539 piutiuusretinendumcenset.*Lun-

261 2549 374 2618 gucbum.
385 2548 515 2603 Nondum
525 2551 605 2621 plane
614 2559 682 2621 teger
690 2568 773 2612 eram,

221 2651 224 2657 ¹
263 2628 309 2682 sed
325 2648 369 2682 me
386 2641 490 2682 tantum
504 2627 664 2684 deficiebant
678 2629 754 2684 vires.

306 2728 332 2762 a.
347 2709 444 2761 Venisti
458 2721 569 2772 centum,
588 2723 639 2763 etc.
651 2710 775 2774 Venisti,

263 2807 281 2840 o
302 2787 425 2860 medice.
447 2789 588 2854 comitatus
610 2789 702 2842 multis
724 2789 776 2843 tuis

263 2867 402 2940 discipulis
418 2863 486 2940 (pro
498 2888 574 2921 more
587 2867 691 2922 visendi
704 2869 776 2922 illius

263 2946 411 3020 temporis)
421 2988 429 3016 ,
445 2949 492 3020 qui
501 2949 598 3020 singuli
608 2951 689 3020 longo
702 2948 776 3002 ordi·

199 3033 202 3040 ’
262 3047 299 3080 ne
318 3033 413 3082 venam
436 3048 522 3082 meam
543 3031 710 3100 tangebant,
733 3032 775 3082 vel

262 3109 353 3179 potius
368 3109 492 3162 arteriam
507 3110 690 3181 explorabant;
701 3113 777 3162 Ta‘ter

244 3233 248 3242 .
264 3189 286 3238 le
297 3189 529 3258 poids-Venisti
539 3201 640 3243 centum.
649 3188 733 3244 Poeta
741 3191 776 3244 ir·

264 3267 335 3321 ridet
349 3268 538 3340 Symmachum
554 3269 706 3341 quemdam¹
719 3289 774 3324 mc-

263 3347 375 3412 dicum‚
400 3350 447 3420 qui
472 3368 534 3402 curn
559 3351 612 3404 suis
637 3350 775 3422 discipulis

263 3427 341 3480 illum
362 3429 467 3495 invisit,
481 3449 566 3502 quum
592 3449 657 3483 vero
682 3450 775 3484 omnes

262 3508 333 3562 illius
347 3509 471 3562 arteriam
484 3528 565 3564 manu
581 3512 667 3582 geleta
685 3512 775 3582 explo·
789 3557 792 3562 .

262 3588 407 3654 ravisseut,
423 3587 594 3660 frigidissimo
611 3591 659 3644 illo
676 3605 774 3645 attactu

262 3669 365 3722 febrem
376 3670 536 3724 contraxisse
544 3689 572 3724 se
583 3669 657 3724 dicis
664 3704 703 3716 -
711 3673 773 3725 Non

262 3763 410 3803 eranttunc
420 3752 564 3820 temporis,
580 3764 610 3803 ut
619 3750 715 3816 hodie,
728 3771 775 3804 no·

262 3831 396 3896 socomic,
410 3828 445 3883 ad
458 3831 627 3902 recipiendos
640 3845 667 3884 et
680 3851 775 3885 curun-

262 3907 310 3963 dos
325 3928 407 3980 aegros
416 3907 525 3976 idoneu;
538 3925 581 3964 aut
591 3911 612 3964 si
622 3931 673 3982 qua
684 3925 773 3972 erant,

817 1608 973 1662 perpauca,
992 1609 1043 1648 uec
1060 1591 1161 1644 nostris
1175 1590 1231 1644 ullo
1250 1588 1335 1643 modo

820 1667 991 1723 conferenda.
998 1672 1096 1737 Quum
1107 1671 1189 1742 igitur
1199 1667 1337 1724 auditores
1416 1663 1417 1666 Ἴ

815 1751 869 1803 ista
887 1750 1071 1804 instructionis
1086 1750 1198 1804 medicas
1211 1769 1335 1803 commo·

820 1823 901 1884 ditius
910 1843 1041 1897 carerent,
1048 1849 1109 1885 cum
1116 1831 1336 1902 magistroaegros

819 1911 919 1981 passim
938 1910 1056 1965 invisere
1079 1913 1251 1981 cogebantur.
1268 1911 1337 1962 Vox

820 1991 918 2042 clinicus
931 2007 1011 2062 quam
1025 1990 1073 2044 lib.
1087 1991 1145 2056 IX,
1156 1991 1240 2062 epigr.
1253 2008 1334 2052 xciv,

819 2071 988 2136 notabimus,
1006 2087 1062 2123 uon
1081 2069 1207 2124 eumdem
1226 2089 1337 2122 sensum

820 2167 881 2202 cum
891 2150 1035 2204 recentiori
1047 2149 1161 2222 prebet:
1172 2149 1245 2208 iden
1256 2162 1338 2203 sonat

820 2248 850 2283 ac
865 2231 969 2282 medicus
982 2231 1017 2282 ud
1031 2230 1125 2284 lectum.
1167 2245 1171 2254 '

861 2311 890 2364 d.
906 2311 952 2364 Me
966 2313 1064 2381 tetigere
1078 2329 1171 2364 mansu.
1190 2309 1253 2375 Non
1272 2321 1336 2362 tsn-
1372 2372 1376 2385 ι

820 2402 891 2456 tum,
906 2391 1022 2445 arbitror
1035 2390 1138 2444 arteriae
1146 2389 1262 2455 salientis
1270 2391 1337 2462 pul-

820 2489 879 2544 sum
906 2471 1079 2542 explorarunt
1102 2469 1260 2536 auditores;
1285 2469 1338 2524 scd

821 2563 853 2602 ut
871 2551 991 2605 solebant
1014 2551 1116 2622 antiqui
1136 2549 1254 2616 medici,
1283 2548 1338 2603 de-

820 2641 943 2690 texerunt
969 2647 1069 2702 empus
1094 2630 1269 2702 egrotantis,
1302 2643 1339 2683 ut

819 2722 962 2763 noscerent
974 2711 1095 2764 habiturn
1111 2709 1246 2781 corporis,
1256 2710 1338 2780 quali

820 2801 887 2848 esset
905 2790 988 2844 macie
1006 2802 1051 2843 aut
1065 2789 1249 2860 pinguedine,
1258 2791 1339 2862 quod

821 2883 877 2942 erat
890 2871 978 2942 magni
988 2871 1118 2924 momenti
1126 2868 1160 2922 ad
1172 2868 1338 2925 curandum.

820 2943 993 3004 Si'addamus
1005 2951 1054 3004 hus
1068 2964 1163 3004 munus
1178 2949 1275 3021 gelatas
1290 2962 1339 3003 to-

819 3043 878 3082 tum
898 3047 996 3103 corpus
1012 3031 1206 3095 attrectamus,
1228 3047 1283 3100 qua
1305 3049 1340 3084 se

820 3109 912 3163 dolere
924 3129 992 3181 teger
1004 3123 1161 3182 quereretur
1175 3131 1183 3176 ;
1199 3109 1276 3162 facile
1289 3110 1340 3163 in-

819 3190 1342 3262 telligemushispotiusoontraxissefe·

818 3271 908 3336 brem,
919 3288 970 3324 nec
980 3287 1036 3323 uno
1048 3270 1150 3324 brachii
1162 3280 1269 3323 attactu.
1279 3271 1340 3326 Eu.

819 3351 993 3422 -Aquilone
1011 3353 1108 3421 gelatas.
1129 3349 1341 3424 Frigidissimre,

819 3443 946 3501 tauquam
959 3432 1046 3484 Borea
1059 3431 1157 3501 gelatae.

862 3518 887 3574 ά.
901 3512 959 3565 Nou
975 3511 1164 3578 habuifirbrem,
1181 3524 1231 3573 etc,
1246 3511 1282 3562 Et
1294 3511 1342 3564 la-

819 3591 885 3644 tenti
903 3592 932 3643 in
952 3611 995 3644 me
1012 3591 1094 3644 febris
1111 3583 1195 3644 cause
1214 3610 1344 3662 προηγου-

819 3674 896 3740 μίνῃ,
909 3670 1022 3742 frigidus
1033 3683 1122 3740 yester
1138 3684 1277 3724 contactus
1290 3673 1346 3740 ad·

817 3753 879 3822 jecit
906 3751 1075 3805 extrinsecus
1094 3755 1342 3822 nycasrupanslffi

818 3831 862 3884 ita
875 3832 955 3902 plane
969 3833 1076 3885 accessit
1094 3831 1192 3894 febris,
1209 3831 1237 3883 in
1252 3825 1344 3902 quam

819 3911 893 3982 prius
905 3912 990 3964 solum
1002 3911 1181 3988 disponebam
1248 3963 1253 3974 ,
