2836 4962
140 359 166 390 l

251 403 299 486 24
530 397 707 476 unni.
737 398 1035 470 unnrrnms

353 535 401 602 Et
419 533 478 602 fiet
495 533 591 602 vario
608 532 760 602 sordidus
780 559 845 604 aare
864 535 965 604 sinus.

301 640 345 707 At
365 663 455 708 nunc
474 639 617 708 conviva
636 653 704 728 est,
720 641 979 734 comissatorque
996 637 1144 729 libellus,

354 748 398 814 Et
414 759 546 814 tantum
561 747 663 840 gratis
676 748 798 842 pagina
815 759 929 816 nostra
944 739 1063 840 placet.

302 851 369 922 Sed
386 877 455 921 non
474 851 538 923 bac
557 841 698 925 Veteres
715 853 863 922 contenti
879 849 977 925 laude
996 851 1150 941 iirerunt,

245 1036 345 1102 sinus,
363 1047 414 1090 etc.
439 1067 479 1078 -
502 1034 628 1090 Menses.
649 1035 764 1090 Metreta
808 1035 905 1090 Jurisc.
919 1032 954 1093 de
965 1033 1099 1089 mensuris
1112 1047 1139 1089 et
1152 1033 1324 1108 ponderibus
1407 1035 1408 1042 ’

249 1114 322 1170 idem
336 1133 420 1187 genus
432 1125 565 1174 mensurat
576 1113 651 1187 quod
666 1114 764 1182 caduca
808 1115 933 1170 romanis.
949 1114 1068 1181 Quodsi
1083 1113 1155 1168 dicae
1169 1114 1224 1170 div.
1238 1117 1325 1174 Joan.
1407 1135 1408 1186 t

249 1194 285 1250 de
291 1196 380 1250 Attico
387 1195 492 1267 loquor.
501 1196 635 1252 Ceterum
641 1197 764 1268 μετρητὴς
807 1213 870 1250 nem
885 1195 1001 1252 Atticam
1014 1210 1060 1250 aut
1073 1194 1208 1267 Syriacam
1221 1209 1324 1253 metro.

253 1274 353 1328 dieitur
366 1274 466 1328 Graecis
481 1286 508 1328 et
521 1275 624 1330 Latinis
641 1286 763 1340 moretm,
808 1286 863 1341 tam
884 1275 1027 1348 cogitasse,
1042 1274 1220 1347 intelligerem
1236 1279 1324 1350 majo·

251 1373 331 1408 suase.
341 1373 399 1426 gen.
410 1373 442 1408 sc
449 1373 508 1408 nar.
514 1365 624 1420 metreta,
633 1355 695 1408 iem.
703 1373 763 1428 gen.
808 1373 864 1408 rem
880 1367 946 1408 tune
958 1355 1015 1408 vini
1028 1354 1132 1426 copiam
1146 1355 1252 1410 efficere
1263 1395 1271 1423 ,
1292 1371 1326 1412 ut
1407 1377 1408 1430 ᾗ

251 1433 293 1488 De
301 1453 355 1506 qua
363 1434 533 1506 ingensinter
543 1447 666 1488 auctores
677 1453 764 1488 saeros
807 1433 925 1488 Fannius
935 1435 1033 1507 aliique
1046 1446 1188 1490 testantur.
1197 1436 1288 1490 Rader.
1407 1433 1408 1436 ’

227 1525 280 1568 ἐἰ
297 1515 387 1568 civiles
401 1513 704 1586 disputatio,quantum
715 1534 763 1566 me·
850 1516 925 1569 8.Et
929 1513 978 1584 ſset
988 1516 1081 1568 Phario
1091 1513 1265 1568 scribendum
1274 1535 1326 1587 pu·
1407 1535 1408 1550 .

254 1592 614 1665 tretescapiatAEtsciendum
625 1593 764 1667 Syriacum
807 1593 880 1647 tabat
904 1595 1068 1666 Rntgersins.
1095 1593 1135 1646 Et
1152 1593 1228 1665 fieret
1250 1600 1325 1649 cario
1407 1617 1408 1642 1

254 1685 396 1727 metretem
410 1673 576 1745 capaciorem
594 1675 704 1739 Attico;
719 1674 765 1726 At·
807 1671 894 1728 codex
908 1674 1059 1726 Pulmarmi.

254 1754 337 1807 ticum
352 1755 484 1808 Romano.
495 1752 614 1807 Raderus
626 1765 706 1824 putat
720 1771 763 1806 ca·
848 1773 876 1823 9.
899 1752 1058 1806 Beverlandi
1072 1752 1131 1806 MS.
1152 1758 1325 1828 mneratorque
1407 1815 1408 1822 ἵ

253 1852 319 1905 pere
343 1835 379 1898 48
404 1833 549 1899 sextarios,
572 1833 618 1886 alii
637 1833 764 1886 sextarios
809 1831 1111 1886 libellus-Comissator.
1121 1833 1197 1887 Libri
1205 1834 1257 1886 mei
1267 1835 1324 1906 apti
1377 1898 1380 1902 ⁴
1407 1903 1408 1906 Ἴ

256 1915 311 1978 60,
324 1931 371 1967 seu
386 1911 481 1966 decem
499 1912 616 1984 congios.
630 1910 696 1966 Vid·
710 1913 765 1968 Bo·
808 1924 871 1965 stant
888 1925 992 1967 tantum
1007 1912 1138 1967 conviviis
1153 1925 1180 1966 et
1196 1930 1325 1968 comessa·
1380 1917 1408 1986 ,]

255 1991 348 2060 daem„
372 1991 407 2046 de
431 1993 513 2060 Asse,
538 1992 586 2046 lib.
599 1993 635 2046 V.
656 1993 709 2048 En.
725 2021 766 2035 --
810 1993 950 2046 tionibus:
970 1993 1014 2044 vel
1033 2005 1149 2046 tractant
1165 1991 1200 2046 de
1213 2013 1324 2066 sympo-

257 2072 343 2139 Cato,
360 2091 418 2144 cap.
445 2091 498 2144 107
516 2091 524 2126 ε
545 2095 556 2120 ι
577 2071 674 2125 Oleum
695 2069 767 2125 siin
810 2071 1324 2144 siis,compotationibus,ludicris‚etc.

256 2164 396 2206 metretam
416 2163 514 2206 novam
533 2150 670 2206 inditnrus
691 2151 765 2214 eris,
810 2149 858 2204 Est
872 2165 960 2206 autem
981 2152 1153 2218 comessatio,
1166 2153 1209 2207 vel
1227 2155 1324 2208 comis·

256 2243 309 2286 etc.
328 2230 358 2285 id
372 2231 395 2286 si
414 2232 525 2298 feceris,
543 2242 654 2290 metreta
677 2231 768 2298 oleum
808 2231 891 2297 satio,
913 2231 1130 2304 intempestivum
1150 2233 1323 2298 convivium,

257 2329 313 2364 non
325 2312 416 2390 bibet3
427 2325 455 2365 et
464 2313 554 2365 oleum
567 2312 768 2376 melicitano,
810 2313 957 2384 praesertim
981 2323 1146 2366 nocturnum
1168 2324 1195 2365 et
1215 2312 1324 2386 quidem

258 2391 353 2463 etipsa
366 2403 480 2445 metreta
494 2391 599 2446 firmior
608 2385 768 2462 'erirmtege
810 2404 872 2464 post
885 2410 1002 2452 emnam,
1018 2411 1102 2464 quum
1117 2411 1174 2444 non
1189 2391 1256 2446 cibis
1268 2405 1324 2446 tan·

259 2471 400 2526 Columell.
415 2471 462 2524 lib.
474 2472 543 2536 XII,
556 2489 632 2543 capp.
651 2489 704 2536 aa,
718 2477 766 2534 ab,
809 2483 886 2537 tum,
905 2470 952 2526 scel
972 2485 998 2526 et
1018 2471 1133 2526 lascivias
1152 2469 1324 2544 indulgerent

259 2549 306 2606 51.
320 2553 417 2606 Juven.
430 2551 485 2606 Sat.
498 2567 554 2616 ιιι,
568 2555 623 2617 sati
634 2568 642 2603 ι
655 2551 710 2604 «At
723 2550 768 2604 bic
811 2551 933 2606 Veteres.

258 2631 361 2703 tignum
376 2631 458 2702 capiti
472 2629 592 2696 incutit,
610 2631 655 2684 ille
670 2643 768 2684 metre-
854 2650 898 2685 ιο.
914 2633 953 2684 Et
963 2643 1055 2686 tantam
1067 2633 1155 2702 gratio
1171 2629 1324 2698 iuvenalis,

243 2740 245 2742 ·
258 2723 322 2766 tam.
331 2738 342 2759 a
353 2713 386 2764 In
402 2709 559 2764 Dioscoride
574 2722 601 2764 et
613 2711 708 2764 Paullo
719 2707 768 2763 Ju·
811 2723 860 2764 sat.
873 2713 945 2777 VII,
959 2714 993 2766 81
1007 2730 1014 2777 ς
1028 2709 1144 2765 «Gloria
1157 2711 1326 2782 quantalibet

258 2791 368 2846 riscons.
389 2791 473 2844 multa
487 2803 549 2844 sunt
564 2789 665 2862 optima
679 2788 713 2844 de
726 2805 769 2843 ca·
811 2787 879 2862 quid
896 2791 963 2856 erit,
983 2790 1006 2844 si
1019 2791 1105 2863 gloria
1117 2803 1222 2843 tantum
1233 2791 1293 2844 est?
1309 2818 1322 2840 ι

258 2872 372 2942 paritate
389 2882 515 2924 metreta.
531 2871 589 2922 Hoc
603 2881 691 2922 tamen
707 2881 770 2924 ante
811 2871 871 2922 Lib.
892 2871 947 2935 XI,
967 2871 1051 2942 epigr.
1071 2889 1101 2924 rv
1118 2888 1125 2924 :
1148 2871 1229 2924 «Nec
1243 2871 1325 2926 sentit

259 2948 406 3005 tenendum
425 2961 579 3015 metretam,
593 2949 769 3020 amphoram,
811 2943 902 3002 laudes
924 2952 1044 3004 sacculus
1068 2951 1118 3003 iste
1146 2969 1231 3004 meus.
1247 2975 1259 2998 ι
1274 2980 1327 2999 ...-

259 3029 356 3084 cadum
364 3049 415 3103 pro
427 3029 521 3084 eodem
533 3047 629 3100 genere
640 3045 770 3084 mensura
816 3029 994 3100 Gratisplacet.
1003 3026 1204 3096 Quiaindenon
1214 3029 1330 3098 ditesco;

260 3111 353 3182 accipi.
365 3109 473 3184 Syriaca
484 3109 557 3180 capit
568 3108 692 3162 sextarios
703 3127 771 3175 rao,
812 3128 862 3163 nec
872 3110 973 3163 vivitur
982 3110 1057 3164 vanis
1065 3109 1190 3164 laudibus
1201 3124 1227 3164 et
1235 3111 1328 3182 gloriae

259 3191 366 3256 Attica,
389 3211 422 3258 7²
437 3208 443 3243 :
465 3187 541 3262 quod
558 3187 666 3242 Paullus
683 3185 769 3242 docet.
814 3188 928 3243 evanido
942 3185 1025 3244 lirano.
1038 3188 1111 3261 Ergo
1122 3193 1202 3260 gratis
1216 3203 1256 3244 est
1270 3191 1328 3246 sine

259 3270 400 3324 Dubitatio
407 3283 447 3324 est
457 3267 529 3341 apud
540 3266 771 3322 divumloannem
812 3269 916 3340 pretio,
927 3269 989 3341 quia
997 3289 1076 3324 nemo
1085 3269 1166 3324 solvit
1176 3267 1243 3324 mibi
1251 3272 1329 3342 jocos

260 3363 352 3422 evang.
362 3347 411 3402 ubi
417 3350 505 3422 agitur
513 3347 547 3402 de
554 3367 598 3424 sex
604 3346 725 3419 hydriis,
736 3365 771 3401 an
813 3362 841 3402 et
852 3346 1064 3403 hilaritudinem.

260 3429 398 3504 Syriacas,
413 3449 447 3482 an
460 3429 573 3494 Atticas,
589 3447 623 3482 an
639 3429 770 3483 Romanas
857 3426 1328 3487 11.Sedo0netoeteres.codTbuan.

260 3519 384 3562 metretas
408 3505 575 3562 intellexerit.
587 3508 707 3580 Syriacas
728 3509 770 3562 in·
813 3507 863 3563 Sed
875 3529 923 3562 non
937 3523 965 3562 ut
974 3523 1064 3562 veteres
1077 3507 1161 3564 codex
1174 3509 1329 3571 Vaticanus.
1366 3511 1369 3517 ’

260 3591 389 3644 tellexisse
408 3587 471 3642 iacit
486 3588 578 3659 ingens
598 3589 675 3659 copia
689 3588 768 3642 vini:
813 3615 854 3630 -—·
875 3589 927 3644 Sed
945 3609 993 3642 noo
1018 3591 1063 3642 bac
1083 3589 1189 3643 Veteres.
1210 3589 1330 3661 Amplis-

260 3669 394 3729 Romanas
410 3665 585 3734 crediderim
601 3687 664 3720 nam
680 3669 702 3720 si
716 3667 770 3721 sin·
813 3669 886 3723 simis
906 3669 979 3722 enim
999 3670 1155 3723 muneribus
1171 3669 1236 3723 culti
1254 3670 1331 3724 fuere

259 3751 328 3819 gulae
347 3747 451 3820 hydriae
468 3759 571 3801 tantum
587 3748 771 3802 continuerint
813 3761 898 3820 poetae
910 3747 1062 3820 quondam;
1076 3750 1113 3802 ita
1125 3759 1155 3802 ut
1167 3750 1262 3820 singuli
1272 3769 1332 3803 ver-

260 3827 326 3882 duas
341 3841 481 3894 metretas,
496 3829 564 3880 mira
580 3829 619 3881 vis
632 3827 684 3880 erit
702 3827 768 3881 vini.
814 3849 858 3882 sus
882 3820 997 3899 singulisf
1012 3831 1098 3882 aureis
1122 3828 1330 3892 redimerentur.

261 3906 349 3974 Quid,
364 3909 386 3962 si
401 3911 455 3982 jam
468 3905 589 3980 quedam
604 3905 709 3980 hydriae
726 3925 770 3960 ce·
815 3907 879 3962 Vid.
888 3907 950 3962 Juv.
959 3907 1071 3974 sat.VII,
1079 3909 1106 3960 in
1115 3925 1167 3980 qua
1176 3909 1233 3962 larse
1242 3908 1332 3980 agitur

261 4001 359 4060 pernnt
370 4002 423 4042 tres
435 3999 558 4042 metretas
567 3985 578 4042 i
587 3989 657 4060 Lege
667 3985 770 4041 Maldo·
814 3987 848 4042 de
862 3987 945 4042 sterili
955 4002 1096 4062 poetarum
1110 4002 1174 4042 arte.
1192 3989 1332 4044 Sententia

262 4079 371 4132 natum,
385 4065 528 4137 Toletum,
544 4067 644 4122 Lucam
664 4069 769 4122 Paetum
815 4082 854 4123 est
864 4082 964 4124 veteres
971 4081 1127 4142 poetasnon
1137 4069 1237 4140 exiguis
1248 4069 1332 4134 luisse

479 4172 493 4200 0
