2836 4962
286 398 727 468 EPIGRAMMATUM
754 399 850 468 LIB.
878 401 920 466 V.
1091 397 1140 484 43

21 611 22 616 ἵ
131 533 180 601 Bis
198 543 332 627 septena
353 529 412 600 tibi
432 555 500 600 non
521 543 598 602 sunt
617 528 771 602 subsellia
790 531 892 616 tanti,

178 638 226 706 Ut
241 636 355 707 sedeas
370 638 442 706 viso
459 635 599 732 pallidus
614 639 760 708 Oceano.

21 887 22 890 ,
86 833 242 908 perqoidem
255 836 380 891 ustussis
391 848 467 909 patre
477 836 582 908 equite,
624 836 781 892 lectiunm
795 834 907 902 timue,
922 851 997 888 sectus
1010 849 1041 888 so
1061 833 1140 888 multi

21 921 22 982 j
87 929 163 970 umen
182 914 333 988 designator
361 915 532 972 inexorabilis
555 929 582 970 te
626 917 773 983 iaciebant,
786 934 842 970 uou
853 911 935 969 modo
946 912 1141 980 ceusu,sedet

85 995 207 1050 suscitsbit
213 991 417 1067 quatuordecim
429 993 562 1067 gradibus.
629 996 756 1068 iugenio,
773 995 948 1066 moribusque
964 1005 992 1048 et
1006 991 1101 1048 studiis
1114 1005 1142 1048 et

119 1075 143 1128 3.
157 1075 202 1128 Bis
219 1086 306 1146 septem
327 1074 371 1128 tibi
384 1077 439 1146 jaas
458 1095 507 1128 sors
528 1073 583 1128 edi-
622 1093 723 1146 genere
735 1075 851 1148 equestri
864 1073 993 1130 destituti.
1007 1073 1142 1128 Gruterus

86 1154 119 1206 tio
129 1154 208 1226 antiq.
224 1154 328 1208 Ferrsr.
342 1155 406 1208 anui
420 1161 506 1226 ¹6713
520 1153 582 1208 sld.
627 1168 716 1210 sutem
726 1165 801 1210 notat
812 1154 841 1208 iu
851 1153 1045 1226 posterioribus
1055 1151 1141 1218 uotis,

85 1235 148 1288 lunt.
162 1233 250 1288 colim
266 1233 372 1306 Gryph.
384 1231 520 1289 Culderin.
530 1245 582 1288 eto.
600 1257 605 1264 ·
626 1233 681 1290 Pal.
691 1235 789 1288 hebere
798 1237 856 1298 sint,
867 1231 941 1306 quod
952 1234 974 1287 si
983 1231 1139 1303 recipimus,

85 1313 122 1364 Bis
134 1326 229 1384 repressa
242 1312 287 1365 tibi
300 1332 348 1366 non
360 1316 410 1365 sint
425 1311 584 1368 Beverlundi
627 1315 717 1385 aliquo
731 1311 812 1366 modo
828 1313 935 1366 tolerari
957 1313 1038 1366 altera
1057 1311 1140 1365 iuter-

84 1392 133 1446 its.
146 1406 173 1447 et
190 1393 230 1446 sic
248 1392 331 1448 estin
346 1391 442 1446 codice
453 1393 583 1446 Palatino.
627 1394 742 1465 protetio
757 1405 857 1464 potest.
871 1392 1028 1447 Gratat-
1042 1391 1088 1444 Bis
1100 1411 1138 1444 se·

20 1473 21 1554 i
84 1471 134 1525 Hoc
147 1471 283 1526 distichon
301 1471 502 1544 interrogatorie
519 1472 585 1544 legit
624 1484 768 1544 ptena,etc.
783 1469 1017 1544 Nonigitursdeo
1026 1469 1142 1524 delecta·

84 1551 233 1614 Fususbius,
251 1553 419 1623 improbante
434 1551 584 1624 Gronovio.
627 1547 1140 1626 rissedeequestriintrsquutucrdecim

20 1649 21 1700 ᾗ
84 1632 165 1686 -Bs's
182 1643 289 1703 septena.
309 1631 374 1685 Nou
390 1633 500 1686 estimas
516 1631 584 1686 sensi
627 1629 736 1703 gradus,
746 1645 778 1686 ut
788 1631 1062 1704 opushsbeustimesu
1072 1627 1141 1682 desi·

20 1735 21 1742 ¹
84 1709 277 1780 quatuordecim
297 1710 439 1778 subsellis,
464 1723 495 1764 ut
518 1729 585 1783 peu·
627 1723 773 1782 guatorem.
783 1709 849 1764 Vid.
862 1729 937 1783 supr.
951 1711 1033 1782 epigr.
1045 1727 1099 1763 vm
1114 1720 1142 1762 et

19 1799 20 1808 ¹
84 1791 180 1860 penatis
196 1790 322 1846 conscius
337 1791 367 1846 iu
382 1789 415 1844 iis
429 1789 523 1844 sedere
538 1809 585 1844 su·
627 1808 686 1846 xm.
702 1823 742 1834 —
760 1791 807 1844 Bis
825 1802 912 1861 septem
929 1789 1051 1844 subsellia.
1069 1787 1141 1842 Male

84 1867 135 1924 dms
151 1871 210 1925 viso
227 1870 336 1924 Oceano
355 1867 538 1942 designatores,
551 1868 586 1924 de
628 1870 754 1924 nonnulli
765 1870 877 1922 subsellia
889 1869 935 1924 hie
946 1868 1079 1940 accipiunt
1088 1886 1139 1940 pro

19 1895 21 2040 i
82 1966 127 2018 quo
137 1949 184 2005 lsb
192 1950 237 2002 111
244 1949 350 2020 ,epign
360 1968 419 2016 καις
428 1962 454 2003 et
462 1962 587 2022 quatuor·
631 1950 743 2003 scamnis
756 1949 784 2002 iu
797 1968 896 2004 cuneos
906 1961 932 2003 et
946 1947 1044 2020 gradus
1054 1947 1141 2001 illatas

19 2091 20 2096 ¹
82 2025 157 2082 decim
170 2027 303 2102 gradibus
314 2030 373 2082 fuse
385 2027 488 2082 d1ctum
499 2048 585 2102 epsgr
628 2027 1143 2122 Ergobisseptemsubselliaappellatpro·

19 2115 20 2126 ¹
83 2125 127 2161 nu
146 2122 172 2164 et
189 2128 240 2162 nv
260 2127 343 2180 suprs
358 2139 401 2153 -
421 2110 464 2161 Bis
481 2121 586 2180 septena.
628 2109 688 2180 prie
705 2107 906 2182 quatuordecim
932 2105 1042 2162 ordines
1065 2105 1141 2178 equi·

19 2191 21 2238 l
81 2186 141 2241 liele
160 2188 532 2258 Famabiusinterrogsntem
547 2189 585 2242 ia·
629 2199 702 2252 tum,
721 2189 776 2242 sire
798 2185 998 2260 quatuordecim
1024 2184 1141 2257 gradus3

19 2275 20 2340 i
82 2267 454 2322 citllurtialethurautem
467 2267 534 2320 adeo
542 2266 588 2320 de·
628 2286 690 2320 nam
709 2267 737 2320 in
751 2267 878 2340 gradibus
892 2267 1015 2320 subsellia
1029 2283 1140 2336 compo·

80 2345 247 2402 lecterissede
256 2347 374 2418 equestri
382 2347 452 2400 iutra
461 2360 588 2418 quatuos·-
629 2348 776 2412 nebsnum,
798 2360 830 2402 ut
850 2348 887 2400 ait
895 2345 1044 2400 Vitruvius.
1071 2345 1140 2398 Item

18 2469 19 2472 η
81 2423 156 2480 decim
167 2425 300 2492 ordines,
313 2439 365 2480 etc.
376 2427 464 2478 Isumo
477 2427 586 2480 Martia·
630 2425 834 2498 quatuordecim
852 2427 1009 2499 simpliciter
1023 2425 1080 2479 siue
1092 2421 1141 2478 sd·

18 2519 19 2582 i
80 2503 105 2558 iis
116 2507 187 2560 ultro
200 2504 295 2560 laudat
310 2506 384 2559 hunc
397 2524 495 2572 suum,
511 2505 587 2577 quod
628 2505 754 2578 jectione.
768 2506 872 2560 Herald.

80 2584 133 2640 sede
152 2585 272 2659 equestri
294 2585 437 2649 abstineat,
454 2595 482 2637 et
498 2603 586 2658 quum
672 2592 698 2650 4.
713 2587 774 2638 Viso
781 2585 888 2658 pallc'elas
900 2585 1007 2640 Oceano.
1022 2580 1141 2638 Pallidus

80 2663 166 2720 lubeat
184 2665 298 2730 omnia,
316 2683 375 2736 qua
394 2662 490 2718 decent
510 2665 586 2736 equi·
629 2677 747 2718 metune
758 2665 880 2719 Oceanus
889 2663 1041 2738 designator
1052 2663 1141 2736 ipsum

80 2755 142 2811 tem,
154 2757 254 2817 prater
264 2762 389 2805 censum,
398 2743 586 2797 voleushouo-
629 2745 717 2816 ejiciat
735 2743 936 2816 quatuordecim
955 2743 1098 2811 subselliis,
1112 2753 1140 2796 et

80 2840 104 2874 re
113 2823 180 2880 sedis
191 2837 295 2892 careat,
308 2842 359 2878 uec
370 2823 436 2880 velit
448 2823 585 2878 Oceanum
629 2842 691 2878 cum
705 2825 784 2896 plebe
795 2825 903 2897 releget.

18 3003 20 3102 i
487 3047 727 3138 XXVIII.

315 3277 371 3324 so
398 3275 563 3343 nunnus,
590 3278 641 3324 on
668 3244 906 3324 mentusco*

177 3457 234 3526 Ue
256 3457 345 3526 bene
364 3453 533 3550 loquatur,
551 3455 735 3550 sentiatque
750 3457 958 3543 Mamercus,

178 3562 325 3632 Efficere
342 3560 458 3649 nullis,
473 3561 574 3651 Aule,
588 3563 736 3632 moribus
756 3563 880 3658 possis;
1003 3563 1005 3568 ’

114 3733 282 3796 ἈιίΑιιΙιωι
293 3741 382 3797 codex
393 3743 587 3797 Pulmauui.1n
630 3745 717 3814 priam
741 3743 875 3816 quendem
898 3746 1024 3800 virtutem
1046 3739 1142 3796 tribuit

81 3820 222 3874 Mamercum
234 3822 296 3876 edd.
309 3835 376 3876 vett.
633 3823 724 3876 Poeta.

118 3919 142 3955 1.
155 3902 303 3974 Satiatque.
315 3903 340 3954 A
351 3919 465 3972 persona
474 3902 587 3955 Mamer·
672 3923 697 3956 s.
712 3904 786 3956 Aule.
801 3904 863 3956 Lib.
883 3904 940 3967 IX,
953 3902 1038 3972 epigr.
1051 3918 1137 3954 cust.

82 3979 256 4053 deujusdam
273 3979 401 4036 maledici
421 3983 586 4036 occasionem
630 3981 776 4044 -Nultm
788 4001 823 4035 ne
835 3981 1013 4052 integerrimis
1029 3979 1140 4053 quidem

82 4073 162 4129 captat
178 4060 306 4116 laudandi
326 4060 434 4114 nobiles
451 4060 585 4115 Romano-
630 4075 658 4115 et
668 4063 791 4132 optimis:
803 4060 833 4114 id
844 4061 965 4127 est‚licet
974 4061 1096 4114 moribus
1105 4061 1140 4114 sis

83 4155 136 4191 rum
150 4142 276 4208 familias,
289 4158 407 4214 quarum
418 4140 514 4213 cuiqam
525 4161 586 4213 pro·
629 4141 794 4206 castissimis,
811 4139 845 4195 de
867 4154 893 4196 te
914 4152 1002 4194 umen
1020 4139 1142 4194 detrsbst
