2836 4962
280 471 325 514 22
563 445 610 511 M.
628 444 734 512 VAL.
764 443 1061 512 MARTIALIS

381 571 606 667 Subsellioque
625 572 808 643 semifultus
826 589 993 658 extremo,
1017 633 1022 648 ,

380 683 425 748 Et
438 677 524 748 male
540 693 693 774 receptus
709 678 813 749 altero
832 704 937 775 genu,
948 679 1053 772 jactat

382 787 495 879 Equiti
512 785 641 874 sedere,
659 788 840 880 Lectioque
859 811 894 856 se
913 799 1008 856 stare.

276 990 326 1038 oia
344 986 374 1038 in
393 985 548 1057 spectaculis
568 986 710 1040 instertitio
728 986 789 1051 illa,
832 986 1120 1040 mutans-Eamus.
1129 983 1266 1038 subsellio
1277 985 1351 1040 inter

277 1079 335 1121 tum
347 1083 408 1138 quus
418 1066 489 1120 inter
499 1063 608 1120 ordines
621 1078 718 1128 erant,
730 1078 790 1120 tum
836 1066 968 1136 equestria
979 1083 1038 1136 qna
1051 1068 1189 1128 erantoiaq
1199 1064 1334 1136 proxima.

277 1145 374 1216 quibus
397 1163 447 1216 per
468 1145 622 1217 proclivum
647 1144 790 1199 descende·
878 1145 1022 1208 reluctat,
1035 1157 1087 1198 etc.
1098 1142 1216 1198 Dimidia
1227 1147 1351 1215 corporis

277 1227 365 1278 batur.
380 1224 423 1279 Sic
432 1225 513 1296 igitur
521 1226 611 1298 plures
622 1225 678 1280 vias
691 1225 790 1279 consti·
834 1221 1026 1296 partesedebat
1034 1223 1349 1296 Nanneiusveluteques,

278 1317 343 1371 tuo;
356 1305 426 1358 circa
438 1305 562 1373 balthea,
574 1305 630 1358 soil.
646 1322 706 1376 que
716 1305 791 1358 thea-
835 1305 918 1358 altera
926 1321 991 1358 vero
1002 1304 1089 1357 stabat
1097 1303 1126 1354 iu
1138 1303 1195 1368 viat,
1207 1303 1285 1374 quod
1296 1307 1353 1377 ple·

279 1398 353 1442 trum
366 1385 523 1455 cingebant3
535 1397 563 1438 et
576 1385 606 1436 in
618 1385 792 1457 popularibus
834 1385 902 1437 beiis
919 1381 1129 1448 concedebatur,
1142 1397 1173 1436 ut
1185 1382 1353 1454 designatori

278 1482 328 1536 per
351 1465 509 1534 proclivum.
533 1465 602 1518 Nam
622 1465 737 1520 Romani
752 1465 793 1517 illi
834 1463 928 1517 Lectio
945 1464 1158 1534 obtemperaret,
1177 1475 1302 1517 metuens
1317 1484 1352 1518 ne

279 1545 413 1614 majorum
443 1545 562 1615 gentium
585 1544 644 1598 loca
668 1543 792 1598 distincta
836 1556 862 1597 et
874 1543 948 1596 illinc
957 1543 1193 1614 expelleretur,ex
1207 1561 1262 1613 quo
1275 1543 1352 1597 Nan-

279 1623 427 1686 habebam,
445 1637 472 1677 et
490 1623 644 1678 cardinibus
664 1626 792 1694 obsepta,
835 1623 890 1676 neii
904 1623 957 1676 situ
969 1624 1055 1676 risum
1070 1633 1159 1693 captat
1171 1621 1309 1676 Martialis.

279 1721 314 1755 nc
328 1704 425 1774 vulgus
436 1715 535 1757 temere
548 1702 742 1774 ingrederetur.
757 1705 793 1756 At
881 1721 926 1756 11.
937 1704 1025 1774 Equiti
1039 1703 1119 1754 sedere
1132 1722 1156 1753 se
1169 1703 1198 1754 in
1210 1700 1273 1756 edd.
1283 1717 1350 1757 vett.

279 1783 375 1853 populi
386 1781 483 1853 gradm
494 1784 597 1836 nonita
610 1797 735 1855 poterant
746 1801 792 1836 oc·
835 1785 864 1836 τὸ
880 1802 920 1846 sc,
939 1780 1013 1853 quod
1027 1779 1176 1834 addebatur
1194 1795 1254 1852 post
1269 1784 1352 1835 sedere

280 1861 361 1915 cludi.
376 1863 481 1916 Herald.
495 1895 535 1906 -
550 1863 631 1916 Viam.
648 1863 794 1917 Interstitia
837 1875 930 1916 contra
937 1862 1021 1932 legem
1032 1861 1171 1926 carminis,
1182 1863 1240 1930 iure
1249 1859 1353 1915 delevit

280 1959 340 2012 quse
358 1942 385 1994 in
401 1943 557 2013 spectaculis
577 1943 647 1996 inter
668 1942 793 2007 ordines,
837 1943 994 1996 Farnobius.
1008 1943 1145 2013 -Equiti
1155 1941 1244 1994 sedem.
1255 1942 1353 2013 Equiti

281 2022 472 2088 intercuueos,
481 2033 507 2076 et
518 2022 794 2086 circabaltheaerant,
837 2021 927 2086 sedet,
941 2021 994 2074 hoc
1008 2034 1062 2086 est,
1073 2021 1146 2074 velut
1158 2039 1248 2092 eques.
1262 2022 1353 2076 Inter-

206 2105 210 2112 '
280 2119 337 2153 nou
352 2101 397 2154 hic
417 2103 563 2172 signantur.
581 2103 630 2154 Via
652 2121 715 2156 vero
735 2114 793 2156 erat
836 2113 1021 2173 pretesomnee
1029 2100 1067 2154 sic
1076 2100 1351 2172 explicant—Lectio.

234 2205 239 2222 ·
281 2180 353 2232 inter
365 2181 471 2250 plebem
484 2195 511 2234 et
526 2181 636 2252 equites.
831 2184 878 2234 'De
891 2181 945 2233 boc
957 2178 1127 2250 designatore
1144 2179 1200 2235 vid.
1218 2179 1353 2252 epigram·

255 2281 261 2291 “
323 2279 349 2328 9.
363 2260 511 2328 Semisultus.
525 2260 691 2314 Semisedens
709 2275 736 2314 et
751 2277 792 2314 se·
836 2279 878 2313 rua
891 2278 963 2326 vrrs,
975 2278 1064 2330 supra.

776 2435 899 2556 XV.

512 2695 565 2739 sn
594 2675 788 2740 cessauit
817 2661 1130 2740 mummium*

284 2872 450 2962 Quruuus
465 2888 654 2944 nostrorum
671 2869 753 2940 liber
771 2886 840 2957 est,
856 2873 1023 2965 Auguste,
1036 2869 1209 2963 jocorum,

337 2981 381 3048 Et
401 2983 549 3072 queritur
567 2977 661 3047 laesus
679 2979 825 3047 carmine
842 3001 941 3045 nemo
958 3001 1042 3046 meo.

285 3085 419 3155 Gaudet
434 3085 598 3155 honorato
616 3085 673 3154 sed
689 3083 813 3153 multus
830 3085 965 3152 nornine
982 3081 1102 3170 lector,

176 3191 178 3198 '
260 3281 264 3288 Ι
338 3193 403 3261 Cui
420 3193 549 3262 victura
567 3216 641 3260 meo
658 3215 795 3260 munere
813 3189 902 3259 fama
921 3189 1028 3258 datur.

326 3383 338 3407 ¹
357 3391 470 3443 Planum
494 3403 522 3444 et
543 3403 664 3462 apertum
685 3401 725 3442 est
746 3389 798 3442 hoc
841 3387 1076 3442 fictisnominibus
1088 3387 1366 3460 plerumqueutitur.'

286 3469 470 3540 epigramma,
493 3488 549 3541 quo
579 3471 670 3522 multis
695 3469 798 3532 vitam,
882 3467 909 3521 3.
925 3467 1025 3523 Gaudet
1038 3468 1244 3530 honoratus‚'sed
1254 3471 1357 3522 multrare

284 3549 337 3602 hoc
344 3561 401 3613 est,
412 3549 760 3620 memoriamsempiternam
771 3565 798 3600 se
842 3551 946 3600 carmine
964 3546 1123 3602 Beverlandi
1140 3547 1198 3600 MS.
1218 3547 1353 3613 honorato,

285 3628 437 3699 peperisse,
462 3641 489 3680 et
512 3627 653 3682 offendisse
670 3625 736 3680 dicit
749 3645 797 3680 ne·
842 3629 886 3680 aad
899 3629 988 3680 multus
1007 3631 1111 3680 sarmatae
1125 3627 1209 3680 codex
1228 3629 1355 3682 Pulman.

287 3709 396 3760 minem.
413 3706 494 3773 Quod
508 3727 558 3761 neo
575 3709 699 3760 omnibus
713 3709 794 3760 lecto·
841 3737 882 3749 -·
896 3707 995 3761 Gaudet
1009 3709 1133 3760 honorato.
1146 3707 1205 3760 Hoc
1218 3719 1272 3772 est,
1287 3694 1357 3762 riieis

286 3787 361 3841 ribus
373 3800 445 3840 certe
455 3787 620 3858 probabitur.
633 3787 684 3839 En.
839 3787 1003 3840 carminibus
1024 3789 1212 3858 sempiternam
1234 3789 1358 3842 nominis

329 3868 598 3938 a.thruriturloesus.
607 3865 796 3931 Hellenismus‚
840 3867 997 3920 memoriam
1011 3868 1103 3921 multis
1117 3867 1264 3920 conciliavi.

289 3963 338 4013 pro
359 3951 465 4018 queritur
485 3968 510 3998 ss
534 3948 625 4000 lasum.
648 3946 703 4000 Ubi
723 3945 795 3998 enim
883 3953 909 4009 q.
933 3945 981 4000 Cui
1000 3951 1096 3999 uictura
1111 3949 1182 4014 fama
1204 3947 1286 4000 datur.
1308 3946 1357 3999 Sic

290 4022 377 4078 laudat
386 4026 796 4096 aliquem‚verumilliusnomen
840 4025 943 4079 Bolaeus
958 4039 1069 4080 noster:
1084 4028 1123 4078 Et
1139 4031 1180 4098 qai
1192 4029 1284 4078 saurais
1296 4046 1358 4077 saus

290 4103 379 4170 pouit:
390 4119 490 4158 atvero
504 4107 525 4158 si
540 4106 677 4176 improbos
691 4117 795 4176 carpat,
840 4109 886 4158 moi
899 4125 943 4178 que
958 4107 1030 4160 Cotin
1041 4125 1056 4157 a
1063 4107 1170 4177 precli?
1180 4106 1232 4158 Eu.
