2836 4962
268 395 721 484 'smcnsnnsrnn
749 367 843 484 ms.
872 418 914 482 v.

1052 417 1126 510 ns

502 641 691 730 XXIX.

449 859 501 910 sn
530 835 751 912 sensiam*

25 1099 26 1102 =
124 1051 302 1147 Siquando
319 1051 466 1146 leporem
484 1051 586 1120 mittis
605 1052 707 1138 mihi,
723 1051 847 1139 Gellia,
864 1053 961 1142 dieis,

25 1229 26 1232 ,
171 1161 343 1228 Formosus
362 1171 506 1252 septem,
521 1159 656 1244 Marce,
676 1157 793 1227 diebus
814 1161 888 1228 eris.

25 1273 26 1326 l
122 1266 151 1332 Si
167 1289 229 1332 non
247 1263 396 1342 derides,
418 1265 445 1332 si
461 1287 596 1349 verum,
614 1263 670 1332 lux
689 1287 782 1350 mea,
800 1288 930 1350 narras,

25 1351 26 1356 ἵ
168 1369 270 1441 Edisti
289 1392 479 1462 nunquam,
495 1368 619 1452 Gellia,
632 1383 670 1438 tu
686 1367 843 1464 leporem.

112 1577 242 1650 'Obliqua
251 1577 439 1652 petitGelliam
453 1577 573 1648 maligni-

25 1663 26 1702 l
79 1670 131 1723 tate,
144 1671 168 1711 et
179 1660 280 1712 urbane
291 1657 379 1710 innuit
388 1655 569 1710 immedicabi-

25 1715 27 1812 l

79 1739 120 1790 lem
133 1741 184 1809 ejus
199 1737 404 1790 deformitatem.
418 1737 470 1790 En.

110 1852 142 1860 -
160 1821 191 1872 In
213 1818 266 1870 hoc
287 1817 475 1887 epigrammate
487 1813 570 1868 ,nulla

78 1909 108 1947 est
129 1897 247 1952 lectionis
270 1898 399 1959 varietas,
424 1895 476 1948 nisi
496 1894 570 1964 quod

25 1961 26 2042 l
76 1976 137 2030 lunt.
149 1990 237 2030 nostra
248 1975 278 2028 in
291 1994 374 2046 marg.
386 1975 468 2028 habet
482 1993 520 2027 vs.
536 1981 570 2039 4,

79 2053 159 2120 Gellia,
175 2069 225 2109 tute
232 2075 327 2126 parem.

106 2155 126 2188 r.
142 2138 270 2190 Fomosus
282 2145 386 2205 septem,
400 2145 451 2186 etc.
463 2133 502 2186 Ex
513 2131 570 2203 opi·

75 2215 142 2267 nime
156 2217 248 2287 vulgi,
267 2215 311 2268 cui
330 2227 486 2286 persuasum
508 2213 569 2282 pnl-

75 2293 138 2348 chros
156 2315 201 2348 eos
220 2293 322 2348 indies
341 2305 481 2364 sequentes
497 2291 569 2355 lore,

74 2375 109 2442 qni
131 2373 280 2447 leporinam
310 2371 426 2426 edissent
453 2387 568 2424 camem.

74 2452 128 2505 Plin.
141 2455 187 2510 lib.
208 2453 347 2517 XXVIII,
363 2471 422 2522 cap.
440 2469 488 2520 79.
505 2449 569 2518 Eius

74 2535 157 2587 rerba:
173 2562 184 2583 ι
198 2534 312 2603 Sumpto
333 2533 361 2584 in
381 2531 447 2583 cibis
462 2531 567 2600 lepore,

73 2613 149 2683 vulgus
163 2615 275 2686 gratiam
297 2612 404 2681 corpori
423 2609 451 2661 in
468 2623 568 2680 septem

74 2689 117 2744 dies
123 2695 175 2746 fieri
183 2689 449 2755 arbitraturnivolo
459 2688 567 2758 quidem

74 2773 131 2837 'oco‚
143 2775 185 2826 cui
201 2785 289 2825 tamen
303 2769 391 2840 aliqua
403 2768 498 2821 debeat
508 2769 568 2820 sub·

73 2867 114 2902 esse
127 2871 216 2922 cansa,
229 2853 259 2906 in
272 2863 346 2904 tanta
357 2849 526 2920 persuasione
537 2857 566 2914 υς

613 1589 718 1630 causam
737 1577 795 1648 ipse
811 1595 865 1630 non
889 1578 975 1634 affert.
997 1581 1058 1633 Non
1077 1565 1124 1634 de·
1158 1633 1162 1642 A

612 1669 694 1721 sunt,
715 1657 804 1728 inquit
826 1657 969 1722 Erasmus,
991 1661 1037 1732 qui
1056 1661 1124 1716 hanc

613 1735 686 1806 vulgi
697 1737 851 1808 opinionem
865 1735 928 1790 inde
939 1753 1024 1793 ortam
1038 1741 1124 1813 suspi-

612 1829 721 1880 centur,
740 1815 813 1887 qnod
830 1817 955 1870 homines
980 1821 1069 1889 lepidos
1096 1830 1122 1874 et

612 1895 741 1948 sermonis
760 1897 860 1967 leporem
884 1897 965 1952 latine
987 1897 1123 1963 dicamus,

613 1985 691 2045 atque
712 1973 779 2027 adeo
799 1975 874 2047 lepus
896 1989 923 2030 et
941 1977 1017 2048 lepor
1034 1981 1122 2052 aliquo

612 2066 690 2123 pacto
704 2053 774 2106 inter
792 2074 819 2108 se
832 2057 999 2110 conveniant.
1015 2059 1066 2112 En.
1082 2093 1122 2102 -

612 2133 646 2186 Et
661 2133 797 2203 Lamprid.
812 2135 839 2187 in
854 2135 929 2189 Alex.
945 2137 1060 2202 Severo,
1076 2157 1121 2190 ex·

611 2213 692 2283 plicat
706 2213 765 2284 quis
782 2214 817 2266 sit
833 2233 896 2268 usus
914 2215 1012 2287 leporii
1027 2211 1120 2270 millie-

611 2292 694 2344 ribus.

654 2371 679 2424 3.
690 2371 745 2422 Lux
756 2391 806 2424 mea
816 2413 823 2435 ,
835 2393 928 2424 narras.
941 2375 1042 2439 Amica,
1056 2375 1122 2428 cleli-

612 2449 671 2513 ciae,
683 2452 803 2504 suavium
812 2471 916 2518 meum,
928 2454 992 2523 φίλον
1003 2473 1048 2507 sen
1059 2449 1118 2526 {spii

612 2537 669 2598 φῶς.
684 2529 762 2583 llom.
780 2531 812 2584 Il.
827 2531 903 2596 XVI,
921 2537 1031 2606 γλυκερὸν
1050 2537 1119 2606 φάος.

611 2609 750 2679 Propertio
762 2611 892 2682 frequens.

652 2695 678 2752 4.
690 2689 773 2742 Edisti
785 2709 921 2762 nunquam,
933 2705 981 2746 etc.
993 2692 1035 2747 Tu
1049 2695 1120 2748 enim

611 2785 747 2839 nunquam
768 2771 881 2826 formosa
904 2771 1023 2826 videris:
1044 2769 1120 2828 man-
1184 2831 1185 2836 ,

613 2847 1119 2938 dncaigitnrleporemquamcitissime}

1001 3005 1005 3033 Ι
1021 2987 1024 2994 ,

513 3050 669 3141 ΧΧΧ.

429 3278 481 3322 so
509 3246 762 3322 menorans*

111 3455 256 3538 Vsnno,
275 3448 463 3544 Sophocleo
483 3471 551 3516 non
573 3448 748 3518 inficiande
765 3454 948 3544 epthurno,
1000 3485 1004 3500 ·

102 3653 269 3716 'Varronem
287 3658 481 3714 modestissime
502 3657 566 3712 hor·

72 3750 131 3793 tatur
150 3742 182 3795 ad
206 3743 353 3795 lectionem
376 3759 485 3791 snorum
510 3739 566 3810 epi·

71 3835 226 3886 grammatum
240 3823 269 3874 in
283 3819 477 3874 Saturnalibus.

105 3920 125 3954 r.
139 3905 227 3954 Varro.
246 3903 303 3954 Nec
317 3899 500 3970 Menippseus,
516 3918 565 3952 nec

72 3979 177 4036 Atacinus
199 3984 245 4034 hic
264 3983 371 4042 Varro;
395 3977 441 4031 sed
461 3979 565 4048 ignotus

72 4063 180 4124 posteris,
208 4073 288 4114 notus
310 4072 417 4112 tantum
442 4056 515 4112 domi
540 4071 566 4112 et

609 3659 678 3726 suis,
691 3663 742 3714 nisi
756 3663 829 3736 quod
842 3685 856 3717 a
869 3667 991 3722 Martiale
1005 3670 1118 3724 illustra-

610 3752 665 3806 tus,
681 3741 753 3820 vivit!
770 3741 851 3798 hodie
871 3747 972 3810 aliena,
997 3769 1052 3802 non
1073 3770 1119 3805 sua

609 3819 685 3872 Musa
696 3819 839 3878 redivivus.
849 3849 890 3861 ·-·
897 3827 1035 3897 Sophocleo.
1047 3831 1119 3886 Laus

610 3899 757 3967 Varronis,
772 3922 853 3974 quem
868 3907 1041 3960 excellentem
1053 3912 1119 3965 Tra·

609 3979 696 4050 gicum
717 3984 848 4054 appellat3
868 4004 930 4037 nam
947 3988 1071 4061 prince'ps
1089 3993 1118 4046 in

611 4077 642 4112 eo
658 4079 754 4130 genere
767 4062 919 4132 Sophocles.
933 4097 972 4110 -
986 4068 1117 4140 ὧτὴᾳναο.
