2836 4962
838 157 847 188 Ι

278 411 328 462 ao
563 387 734 462 M.VA1..
763 387 1063 460 MARTIALIS

331 519 396 590 Sed
411 532 484 587 toto
506 515 600 613 legor
621 519 704 586 orbe
725 517 897 612 frequens,
914 533 948 588 et
968 518 1105 606 dicitur,
1121 521 1184 593 Hic
1203 536 1267 606 est,

383 624 549 718 Quodque
568 625 649 694 cinis
668 625 801 718 paucis,
818 625 884 694 hoc
901 625 983 696 mihi
1002 627 1069 694 vita
1087 626 1187 698 dedit.

331 736 374 801 At
393 745 450 800 tua
467 732 615 799 centenis
633 731 831 798 incumbunt
849 745 937 800 tecta
956 729 1135 817 columnis,
1335 765 1345 802 s

382 840 426 908 Et
446 836 615 906 libertinas
633 860 711 905 arca
733 836 878 930 flagellat
894 861 992 932 opes3

319 946 517 1039 Magnaque
535 942 671 1014 Niliacae
690 945 792 1012 servit
813 943 873 1012 tibi
894 941 990 1040 gleba
1006 946 1148 1038 Syenes3

380 1049 511 1120 Tondet
530 1067 564 1121 et
583 1051 774 1118 innumeros
794 1047 922 1125 Gallica
944 1052 1064 1120 Parma
1086 1075 1212 1146 greges.

327 1161 402 1226 Hoc
417 1180 496 1250 ego,
514 1169 617 1249 tuque
632 1180 763 1224 sumus:
780 1155 838 1224 sed
852 1155 944 1249 quod
959 1180 1049 1242 sum,
1065 1182 1134 1226 non
1149 1173 1244 1252 potes
1259 1183 1345 1242 esse;

379 1265 430 1350 Tu
447 1261 538 1356 quod
554 1286 605 1346 es,
621 1287 639 1330 e
657 1260 783 1361 populo
801 1261 939 1356 quilibet
961 1288 1031 1333 esse
1052 1277 1171 1360 potest.

273 1475 326 1546 legi
337 1493 393 1527 non
404 1471 518 1537 suflicit,
532 1485 559 1526 st
571 1467 684 1526 'sedeant
692 1471 738 1534 hie
750 1472 787 1524 le·
831 1471 1030 1543 interpretare,
1054 1473 1145 1544 quales
1171 1472 1348 1544 possederunt

246 1593 252 1600 -
274 1573 377 1608 nonum
392 1553 484 1624 pueri,
500 1570 674 1623 quocumque
691 1552 720 1604 in
736 1553 789 1604 for·
832 1551 920 1604 liberti
942 1553 1146 1624 locupletissimi
1165 1555 1306 1607 Narcissus
1324 1565 1349 1618 et

275 1636 335 1688 nice
349 1633 413 1688 nati.
430 1632 481 1686 Hie
498 1629 607 1703 plaudat
623 1629 705 1684 nitidi
721 1651 788 1702 pra·
832 1631 934 1696 Pallas,
954 1630 1067 1686 Claudio
1084 1646 1228 1704 regnante,
1244 1645 1272 1686 et
1290 1635 1348 1687 Cri-

274 1713 351 1769 conis
364 1713 452 1777 iilius,
466 1712 536 1764 inter
549 1711 687 1782 Pinnirapi
703 1711 788 1765 cultos
832 1712 925 1782 spinos
936 1711 1035 1777 etiam,
1050 1729 1131 1784 quem
1143 1710 1256 1783 exagitat
1269 1715 1286 1765 J
1289 1728 1349 1766 uve·

270 1799 403 1864 juvenes,
414 1794 578 1862 juvenesque
599 1791 719 1844 lanista:
743 1791 789 1844 Sic
832 1791 916 1855 nalis,
928 1804 976 1845 sat.
986 1810 1007 1844 1.
1017 1825 1058 1836 -
1068 1793 1266 1864 Areaflegeilnt.
1278 1794 1350 1864 Opes

272 1874 382 1928 libitum
406 1890 490 1934 vano,
511 1871 560 1942 qui
580 1889 630 1923 nos
649 1869 787 1935 distinxit,
832 1889 891 1942 qnae
906 1871 952 1924 vix
968 1871 1104 1924 contineri
1118 1885 1231 1943 possunt
1245 1873 1273 1926 in
1292 1892 1349 1926 arca

275 1953 386 2006 Othoni.
399 1977 410 1998 ι
419 1951 566 2030 μὴεηίηἰ
587 1961 615 2002 et
640 1951 791 2022 mancipia,
832 1969 885 2021 qua
899 1949 1101 2021 quodammodo
1121 1953 1348 2024 comprimuntur.

278 2027 703 2105 praecones,eto.,modoillisres
713 2042 788 2097 esset,
832 2031 892 2083 Hoc
914 2031 996 2083 verbo
1015 2032 1070 2102 jam
1091 2049 1154 2085 usus
1175 2045 1217 2085 est
1236 2033 1286 2086 lib.
1307 2035 1351 2097 Π,

275 2113 343 2166 XIV
361 2109 469 2164 ordines
492 2123 677 2181 occuparunt,
697 2110 785 2181 ejectis
833 2110 917 2180 epigr.
929 2128 995 2175 xm
1009 2123 1037 2164 et
1047 2111 1097 2164 lib.
1110 2113 1161 2176 IV,
1175 2113 1260 2182 epigr.
1275 2131 1350 2166 xm.

275 2193 308 2246 iis
323 2191 370 2264 qui
384 2191 501 2262 equestri
517 2191 576 2243 loco
591 2191 648 2244 nati
658 2229 665 2255 ,
675 2203 786 2262 propter
872 2209 899 2260 7.
908 2189 1050 2262 Magnaque
1059 2191 1174 2245 Niliacae.
1185 2193 1273 2263 Syene
1286 2194 1352 2246 urbs

275 2271 412 2326 delectum
426 2289 519 2323 census
530 2281 557 2322 et
569 2269 700 2340 inopiam,
715 2271 786 2338 tueri
830 2270 941 2342 AEgypti
952 2268 1089 2341 quondam
1098 2271 1275 2324 nobilissima.
1288 2273 1349 2326 Lib.

274 2351 431 2423 dignitatem
446 2368 504 2402 non
525 2360 659 2420 poterant.
673 2349 732 2401 Hoc
746 2362 785 2402 ta·
830 2351 860 2414 1,
878 2349 962 2421 epigr.
976 2367 1039 2403 exn
1055 2363 1082 2403 et
1096 2369 1210 2404 nxxxvrr
1229 2369 1237 2404 :
1253 2353 1350 2421 glebam
1406 2339 1407 2358 ¹

275 2450 338 2484 men
354 2429 470 2500 intellige
492 2447 549 2482 non
572 2447 663 2482 omnes
684 2429 786 2500 equites
833 2427 901 2482 dixit
914 2447 966 2500 pro
974 2429 1064 2497 fundo.

274 2511 398 2564 hahuisse
416 2527 531 2580 equum,
542 2510 584 2561 vel
602 2527 727 2575 censum,
742 2509 786 2562 vel
872 2509 899 2562 8.
923 2508 1023 2562 Gallica
1041 2510 1141 2562 Parma.
1162 2509 1235 2562 Urba
1255 2508 1353 2565 Galliae

276 2594 320 2663 jus
343 2589 435 2643 annuli
457 2586 570 2641 terendi.
584 2589 654 2659 Lege
671 2589 786 2640 Fabrum
831 2587 971 2659 Cisalpinae
981 2587 1016 2642 ad
1026 2586 1138 2647 Padum,
1151 2587 1199 2640 ubi
1210 2589 1269 2641 lana
1281 2591 1353 2664 opti·

276 2671 399 2734 Sem.II,
411 2666 488 2734 6,de
499 2667 551 2720 hoc
560 2686 656 2738 genere
666 2669 787 2740 equitum
832 2685 886 2720 ma.
906 2666 966 2720 Lib.
984 2669 1028 2733 H,
1044 2667 1129 2738 epigr.
1152 2686 1239 2734 xn1113
1256 2683 1286 2724 et
1305 2671 1353 2723 lib.

278 2765 305 2806 et
318 2749 353 2803 de
364 2750 423 2820 lege
438 2747 561 2801 Othonis.
576 2748 666 2800 Rader.
833 2747 910 2804 xlv,
927 2745 1009 2818 epigr.
1033 2745 1087 2801 155
1103 2763 1109 2800 :
1127 2773 1139 2794 «
1151 2747 1203 2799 vet
1216 2767 1300 2819 quam
1316 2769 1354 2804 se·

319 2832 347 2885 3.
364 2831 479 2891 Dicitur,
497 2828 535 2880 liic
549 2838 592 2880 est.
607 2827 697 2897 Digito
715 2845 790 2886 mon·
833 2826 921 2898 posito
933 2825 968 2879 de
981 2845 1059 2898 grege
1069 2827 1164 2880 Parma
1176 2825 1285 2882 dedit.»
1297 2831 1354 2882 Ho-

276 2923 355 2966 stror.
369 2905 492 2960 Persius:
509 2932 520 2953 ι
532 2906 677 2960 Pulchrum
693 2919 732 2959 est
751 2905 790 2959 di·
834 2905 879 2959 die
892 2907 992 2960 Parme.

277 2987 416 3056 cier,flic
427 2999 474 3040 est.
491 3011 502 3032 ι
517 2986 568 3038 Eo.
876 3003 903 3055 9.
925 2987 983 3038 Hoc
1000 3004 1054 3056 ego.
1077 2985 1136 3058 Ego
1159 2984 1269 3056 quidem
1294 3007 1354 3042 sum

320 3075 346 3131 4.
358 3066 550 3139 Quodqneeinis‚
559 3077 608 3118 etc.
620 3065 664 3118 Sic
672 3065 720 3118 lib.
733 3063 790 3128 111,
834 3065 935 3136 inops,
960 3077 987 3118 at
1011 3065 1173 3118 carminibus
1194 3065 1306 3136 clarus;
1325 3083 1356 3123 tu

279 3147 467 3220 epigrammate
485 3163 546 3198 xctx
570 3162 578 3198 ε
604 3171 616 3193 ι
636 3145 693 3197 Ore
715 3145 790 3219 legor
835 3157 938 3198 tantum
960 3143 1043 3198 dives.
1063 3177 1104 3187 —
1123 3145 1181 3198 Non
1199 3157 1269 3216 potes
1296 3170 1355 3202 esse.
1405 3145 1406 3154 ¹

212 3285 215 3290 ,
277 3227 379 3292 multo,
397 3237 545 3296 notumque
562 3243 611 3297 per
626 3221 725 3296 oppida
743 3243 791 3276 no·
834 3225 896 3277 Non
917 3217 1043 3296 intelligit
1064 3224 1194 3277 Martialis
1216 3225 1357 3282 Callistra-

278 3326 341 3361 men
354 3306 416 3360 Non
427 3315 576 3375 exspectato
587 3301 634 3358 dat
643 3303 711 3358 mihi
722 3303 790 3358 lama
834 3317 891 3358 tum
904 3316 1082 3376 apaupertate
1093 3323 1171 3376 posse
1180 3322 1236 3357 esse
1243 3324 1356 3380 semper

277 3397 420 3458 rogo-3et
430 3382 648 3447 Ovidiusfflist.
661 3385 712 3449 tv,
724 3383 789 3456 eleg.
834 3381 1006 3444 immunem,
1030 3382 1078 3438 sed
1100 3384 1221 3437 nobilem
1241 3400 1356 3458 poetam

281 3486 316 3521 ιο
331 3486 338 3518 :
357 3491 369 3512 «
379 3466 423 3516 Tu
444 3463 512 3516 mihi
529 3459 603 3536 quod
620 3482 711 3518 rarum
732 3475 789 3530 est,
833 3463 911 3518 illum
927 3462 1040 3518 evadere
1056 3483 1133 3534 posse
1146 3476 1235 3536 negat.

276 3547 339 3601 vivo
362 3543 478 3599 sublime
496 3541 593 3597 dedisti
612 3541 734 3608 Nomen,
755 3543 789 3596 ab
877 3563 919 3599 10.
943 3545 970 3596 E
990 3543 1082 3614 populo
1104 3543 1213 3615 quilibet.
1237 3545 1358 3615 Ignarus

277 3624 410 3698 exsequiis
422 3621 496 3694 quod
509 3620 573 3676 dare
586 3621 655 3676 fama
670 3623 747 3680 solet.
763 3649 774 3670 ι
833 3623 906 3678 enim
919 3635 946 3676 et
957 3621 1072 3695 quilibet
1086 3639 1117 3676 ex
1128 3624 1222 3696 plebe,
1238 3642 1299 3680 rem
1318 3628 1359 3680 sa·

318 3711 344 3759 6.
369 3703 512 3757 libertinas.
538 3703 626 3776 Prope
647 3703 789 3757 immensas
832 3721 893 3757 cers
908 3721 982 3758 suam
998 3715 1094 3774 potest.
